[{"_id":"-NRtvr645llb3UnaFo3f","bikeId":"S003132","bikeName":"Ginette","currency":"EUR","discountReason":null,"endTime":"2023-03-31T23:10:33Z","revenue":0,"revenue_currency":"EUR","startTime":"2023-03-31T23:10:06Z","trip_id":"-NRtvr645llb3UnaFo3f","vehicleId":"S003132","vehicle_name":"Ginette"},{"_id":"-NRthZVl47EvQHpRzuQM","bikeId":"S010863","bikeName":"Henriette","currency":"EUR","discountReason":null,"endTime":"2023-03-31T22:14:45Z","revenue":115,"revenue_currency":"EUR","startTime":"2023-03-31T22:07:40Z","trip_id":"-NRthZVl47EvQHpRzuQM","vehicleId":"S010863","vehicle_name":"Henriette"},{"_id":"-NRtf3dxUZ8hwf-sPzQZ","bikeId":"S010863","bikeName":"Henriette","currency":"EUR","discountReason":"ponyMember","endTime":"2023-03-31T22:06:15Z","revenue":123,"revenue_currency":"EUR","startTime":"2023-03-31T21:56:45Z","trip_id":"-NRtf3dxUZ8hwf-sPzQZ","vehicleId":"S010863","vehicle_name":"Henriette"},{"_id":"-NRtbeexXziuJ1KvgqOv","bikeId":"S003132","bikeName":"Ginette","currency":"EUR","discountReason":null,"endTime":"2023-03-31T21:42:12Z","revenue":0,"revenue_currency":"EUR","startTime":"2023-03-31T21:41:52Z","trip_id":"-NRtbeexXziuJ1KvgqOv","vehicleId":"S003132","vehicle_name":"Ginette"},{"_id":"-NRtaOTCmt8lNNSVwif0","bikeId":"S010863","bikeName":"Henriette","currency":"EUR","discountReason":null,"endTime":"2023-03-31T21:42:05Z","revenue":96,"revenue_currency":"EUR","startTime":"2023-03-31T21:36:19Z","trip_id":"-NRtaOTCmt8lNNSVwif0","vehicleId":"S010863","vehicle_name":"Henriette"},{"_id":"-NRtZk7VZyECDaOSXBmj","bikeId":"S003132","bikeName":"Ginette","currency":"EUR","discountReason":null,"endTime":"2023-03-31T21:41:10Z","revenue":270,"revenue_currency":"EUR","startTime":"2023-03-31T21:29:08Z","trip_id":"-NRtZk7VZyECDaOSXBmj","vehicleId":"S003132","vehicle_name":"Ginette"},{"_id":"-NRt05c8OCtwxU8wFNeR","bikeId":"S003132","bikeName":"Ginette","currency":"EUR","discountReason":null,"endTime":"2023-03-31T18:56:59Z","revenue":45,"revenue_currency":"EUR","startTime":"2023-03-31T18:53:23Z","trip_id":"-NRt05c8OCtwxU8wFNeR","vehicleId":"S003132","vehicle_name":"Ginette"},{"_id":"-NRsYAwsXCI3RRWNlLJg","bikeId":"S010863","bikeName":"Henriette","currency":"EUR","discountReason":null,"endTime":"2023-03-31T16:50:12Z","revenue":115,"revenue_currency":"EUR","startTime":"2023-03-31T16:42:40Z","trip_id":"-NRsYAwsXCI3RRWNlLJg","vehicleId":"S010863","vehicle_name":"Henriette"},{"_id":"-NRs8MjzDuhs8-slSKz9","bikeId":"S003132","bikeName":"Ginette","currency":"EUR","discountReason":null,"endTime":"2023-03-31T15:00:27Z","revenue":123,"revenue_currency":"EUR","startTime":"2023-03-31T14:49:53Z","trip_id":"-NRs8MjzDuhs8-slSKz9","vehicleId":"S003132","vehicle_name":"Ginette"},{"_id":"-NRrKkOK0lWb6kt1Jj48","bikeId":"S010863","bikeName":"Henriette","currency":"EUR","discountReason":null,"endTime":"2023-03-31T11:34:01Z","revenue":316,"revenue_currency":"EUR","startTime":"2023-03-31T11:04:22Z","trip_id":"-NRrKkOK0lWb6kt1Jj48","vehicleId":"S010863","vehicle_name":"Henriette"},{"_id":"-NRrCHkmFPt79tnysVTY","bikeId":"S010863","bikeName":"Henriette","currency":"EUR","discountReason":null,"endTime":"2023-03-31T10:29:19Z","revenue":60,"revenue_currency":"EUR","startTime":"2023-03-31T10:27:24Z","trip_id":"-NRrCHkmFPt79tnysVTY","vehicleId":"S010863","vehicle_name":"Henriette"},{"_id":"-NRoGnLhPZtZdq0TP2JO","bikeId":"S003132","bikeName":"Ginette","currency":"EUR","discountReason":"ponyMember","endTime":"2023-03-30T21:02:34Z","revenue":100,"revenue_currency":"EUR","startTime":"2023-03-30T20:48:14Z","trip_id":"-NRoGnLhPZtZdq0TP2JO","vehicleId":"S003132","vehicle_name":"Ginette"},{"_id":"-NRoBXkA6G2gTcu58fKN","bikeId":"S010863","bikeName":"Henriette","currency":"EUR","discountReason":null,"endTime":"2023-03-30T21:38:15Z","revenue":710,"revenue_currency":"EUR","startTime":"2023-03-30T20:25:15Z","trip_id":"-NRoBXkA6G2gTcu58fKN","vehicleId":"S010863","vehicle_name":"Henriette"},{"_id":"-NRo3BAx8QmRoil3kMk-","bikeId":"S003132","bikeName":"Ginette","currency":"EUR","discountReason":null,"endTime":"2023-03-30T19:52:04Z","revenue":83,"revenue_currency":"EUR","startTime":"2023-03-30T19:48:46Z","trip_id":"-NRo3BAx8QmRoil3kMk-","vehicleId":"S003132","vehicle_name":"Ginette"},{"_id":"-NRo1UXdhIzmYUvL7-aT","bikeId":"S003132","bikeName":"Ginette","currency":"EUR","discountReason":"ponyMember","endTime":"2023-03-30T19:42:23Z","revenue":100,"revenue_currency":"EUR","startTime":"2023-03-30T19:41:21Z","trip_id":"-NRo1UXdhIzmYUvL7-aT","vehicleId":"S003132","vehicle_name":"Ginette"},{"_id":"-NRnUbVKp4scTbPstUXt","bikeId":"S003132","bikeName":"Ginette","currency":"EUR","discountReason":null,"endTime":"2023-03-30T17:12:12Z","revenue":45,"revenue_currency":"EUR","startTime":"2023-03-30T17:08:58Z","trip_id":"-NRnUbVKp4scTbPstUXt","vehicleId":"S003132","vehicle_name":"Ginette"},{"_id":"-NRn7CP_OkhUtYAxi1LX","bikeId":"S010863","bikeName":"Henriette","currency":"EUR","discountReason":"ponyMember","endTime":"2023-03-30T15:37:04Z","revenue":132,"revenue_currency":"EUR","startTime":"2023-03-30T15:26:42Z","trip_id":"-NRn7CP_OkhUtYAxi1LX","vehicleId":"S010863","vehicle_name":"Henriette"},{"_id":"-NRmtpftia42x0LlBwY9","bikeId":"S010863","bikeName":"Henriette","currency":"EUR","discountReason":"coupon","endTime":"2023-03-30T14:33:15Z","revenue":106,"revenue_currency":"EUR","startTime":"2023-03-30T14:23:55Z","trip_id":"-NRmtpftia42x0LlBwY9","vehicleId":"S010863","vehicle_name":"Henriette"},{"_id":"-NRmsu1XCkeAdw2jrd7m","bikeId":"S003132","bikeName":"Ginette","currency":"EUR","discountReason":null,"endTime":"2023-03-30T14:25:08Z","revenue":67,"revenue_currency":"EUR","startTime":"2023-03-30T14:19:51Z","trip_id":"-NRmsu1XCkeAdw2jrd7m","vehicleId":"S003132","vehicle_name":"Ginette"},{"_id":"-NRmbBVBSFyqDXPFFIVr","bikeId":"S003132","bikeName":"Ginette","currency":"EUR","discountReason":null,"endTime":"2023-03-30T13:07:14Z","revenue":56,"revenue_currency":"EUR","startTime":"2023-03-30T13:02:28Z","trip_id":"-NRmbBVBSFyqDXPFFIVr","vehicleId":"S003132","vehicle_name":"Ginette"},{"_id":"-NRmYA3CcOKbdT242dhy","bikeId":"S003132","bikeName":"Ginette","currency":"EUR","discountReason":"ponyMember","endTime":"2023-03-30T12:56:14Z","revenue":100,"revenue_currency":"EUR","startTime":"2023-03-30T12:44:53Z","trip_id":"-NRmYA3CcOKbdT242dhy","vehicleId":"S003132","vehicle_name":"Ginette"},{"_id":"-NRlxoKqeN9mZG4_4c13","bikeId":"S010863","bikeName":"Henriette","currency":"EUR","discountReason":"ponyMember","endTime":"2023-03-30T10:11:02Z","revenue":123,"revenue_currency":"EUR","startTime":"2023-03-30T10:01:41Z","trip_id":"-NRlxoKqeN9mZG4_4c13","vehicleId":"S010863","vehicle_name":"Henriette"},{"_id":"-NRlqTJm4tI73ohmOLQw","bikeId":"S003132","bikeName":"Ginette","currency":"EUR","discountReason":null,"endTime":"2023-03-30T09:41:52Z","revenue":146,"revenue_currency":"EUR","startTime":"2023-03-30T09:29:36Z","trip_id":"-NRlqTJm4tI73ohmOLQw","vehicleId":"S003132","vehicle_name":"Ginette"},{"_id":"-NRlnYYyBSuEhp3RVPR5","bikeId":"S010863","bikeName":"Henriette","currency":"EUR","discountReason":null,"endTime":"2023-03-30T09:25:28Z","revenue":124,"revenue_currency":"EUR","startTime":"2023-03-30T09:16:51Z","trip_id":"-NRlnYYyBSuEhp3RVPR5","vehicleId":"S010863","vehicle_name":"Henriette"},{"_id":"-NRlIMSXGMvpjc0T4DI_","bikeId":"S003132","bikeName":"Ginette","currency":"EUR","discountReason":null,"endTime":"2023-03-30T06:56:46Z","revenue":0,"revenue_currency":"EUR","startTime":"2023-03-30T06:56:13Z","trip_id":"-NRlIMSXGMvpjc0T4DI_","vehicleId":"S003132","vehicle_name":"Ginette"},{"_id":"-NRl79IZY0JmfSfyrFZK","bikeId":"S010863","bikeName":"Henriette","currency":"EUR","discountReason":null,"endTime":"2023-03-30T06:22:07Z","revenue":179,"revenue_currency":"EUR","startTime":"2023-03-30T06:07:15Z","trip_id":"-NRl79IZY0JmfSfyrFZK","vehicleId":"S010863","vehicle_name":"Henriette"},{"_id":"-NRjgt1y7YU6EitPW4xu","bikeId":"S003132","bikeName":"Ginette","currency":"EUR","discountReason":"ponyMember","endTime":"2023-03-29T23:39:53Z","revenue":100,"revenue_currency":"EUR","startTime":"2023-03-29T23:28:29Z","trip_id":"-NRjgt1y7YU6EitPW4xu","vehicleId":"S003132","vehicle_name":"Ginette"},{"_id":"-NRiSAd6DJBI55G_Rq9y","bikeId":"S003132","bikeName":"Ginette","currency":"EUR","discountReason":"ponyMember","endTime":"2023-03-29T18:05:18Z","revenue":100,"revenue_currency":"EUR","startTime":"2023-03-29T17:40:14Z","trip_id":"-NRiSAd6DJBI55G_Rq9y","vehicleId":"S003132","vehicle_name":"Ginette"},{"_id":"-NRi9txYH-krlAmiVUGx","bikeId":"S003132","bikeName":"Ginette","currency":"EUR","discountReason":null,"endTime":"2023-03-29T16:26:04Z","revenue":67,"revenue_currency":"EUR","startTime":"2023-03-29T16:20:23Z","trip_id":"-NRi9txYH-krlAmiVUGx","vehicleId":"S003132","vehicle_name":"Ginette"},{"_id":"-NRht-UyVbwoNuc_yUMz","bikeId":"S003132","bikeName":"Ginette","currency":"EUR","discountReason":null,"endTime":"2023-03-29T15:04:59Z","revenue":33,"revenue_currency":"EUR","startTime":"2023-03-29T15:02:11Z","trip_id":"-NRht-UyVbwoNuc_yUMz","vehicleId":"S003132","vehicle_name":"Ginette"},{"_id":"-NRebqCBCiUizRIWdQG2","bikeId":"S003132","bikeName":"Ginette","currency":"EUR","discountReason":null,"endTime":"2023-03-28T23:58:41Z","revenue":229,"revenue_currency":"EUR","startTime":"2023-03-28T23:48:21Z","trip_id":"-NRebqCBCiUizRIWdQG2","vehicleId":"S003132","vehicle_name":"Ginette"},{"_id":"-NRdyhn2Tj0pr6pu-Ocp","bikeId":"S003132","bikeName":"Ginette","currency":"EUR","discountReason":null,"endTime":"2023-03-28T21:00:53Z","revenue":270,"revenue_currency":"EUR","startTime":"2023-03-28T20:48:39Z","trip_id":"-NRdyhn2Tj0pr6pu-Ocp","vehicleId":"S003132","vehicle_name":"Ginette"},{"_id":"-NRd75oMn3YTlRSmNxAW","bikeId":"S003132","bikeName":"Ginette","currency":"EUR","discountReason":null,"endTime":"2023-03-28T16:58:20Z","revenue":101,"revenue_currency":"EUR","startTime":"2023-03-28T16:50:03Z","trip_id":"-NRd75oMn3YTlRSmNxAW","vehicleId":"S003132","vehicle_name":"Ginette"},{"_id":"-NRcyCZS_36HPZtMFKb1","bikeId":"S003132","bikeName":"Ginette","currency":"EUR","discountReason":null,"endTime":"2023-03-28T16:11:17Z","revenue":56,"revenue_currency":"EUR","startTime":"2023-03-28T16:06:49Z","trip_id":"-NRcyCZS_36HPZtMFKb1","vehicleId":"S003132","vehicle_name":"Ginette"},{"_id":"-NRcwEQVyUf_YwjjpNCK","bikeId":"S003132","bikeName":"Ginette","currency":"EUR","discountReason":null,"endTime":"2023-03-28T16:02:10Z","revenue":45,"revenue_currency":"EUR","startTime":"2023-03-28T15:58:13Z","trip_id":"-NRcwEQVyUf_YwjjpNCK","vehicleId":"S003132","vehicle_name":"Ginette"},{"_id":"-NRc_gSNUSb0AZUAO3on","bikeId":"S010863","bikeName":"Henriette","currency":"EUR","discountReason":null,"endTime":"2023-03-28T14:33:37Z","revenue":170,"revenue_currency":"EUR","startTime":"2023-03-28T14:19:42Z","trip_id":"-NRc_gSNUSb0AZUAO3on","vehicleId":"S010863","vehicle_name":"Henriette"},{"_id":"-NRcWEhO1G1lYtL4V9CS","bikeId":"S010863","bikeName":"Henriette","currency":"EUR","discountReason":"coupon","endTime":"2023-03-28T14:13:09Z","revenue":0,"revenue_currency":"EUR","startTime":"2023-03-28T14:00:16Z","trip_id":"-NRcWEhO1G1lYtL4V9CS","vehicleId":"S010863","vehicle_name":"Henriette"},{"_id":"-NRbx2E39GuDGd4o4rEe","bikeId":"S010863","bikeName":"Henriette","currency":"EUR","discountReason":null,"endTime":"2023-03-28T11:37:06Z","revenue":179,"revenue_currency":"EUR","startTime":"2023-03-28T11:22:08Z","trip_id":"-NRbx2E39GuDGd4o4rEe","vehicleId":"S010863","vehicle_name":"Henriette"},{"_id":"-NRbDXCrbEEms4V-wEQx","bikeId":"S010863","bikeName":"Henriette","currency":"EUR","discountReason":null,"endTime":"2023-03-28T08:08:42Z","revenue":133,"revenue_currency":"EUR","startTime":"2023-03-28T07:58:54Z","trip_id":"-NRbDXCrbEEms4V-wEQx","vehicleId":"S010863","vehicle_name":"Henriette"},{"_id":"-NRYN0iRVpPfU2qyD_va","bikeId":"S010863","bikeName":"Henriette","currency":"EUR","discountReason":null,"endTime":"2023-03-27T14:25:56Z","revenue":270,"revenue_currency":"EUR","startTime":"2023-03-27T14:01:53Z","trip_id":"-NRYN0iRVpPfU2qyD_va","vehicleId":"S010863","vehicle_name":"Henriette"},{"_id":"-NRXczFDuLSy_OV2pjvH","bikeId":"S010863","bikeName":"Henriette","currency":"EUR","discountReason":null,"endTime":"2023-03-27T10:45:58Z","revenue":133,"revenue_currency":"EUR","startTime":"2023-03-27T10:36:22Z","trip_id":"-NRXczFDuLSy_OV2pjvH","vehicleId":"S010863","vehicle_name":"Henriette"},{"_id":"-NRX9RAvsXxc6Otu55-w","bikeId":"S010863","bikeName":"Henriette","currency":"EUR","discountReason":null,"endTime":"2023-03-27T08:30:51Z","revenue":115,"revenue_currency":"EUR","startTime":"2023-03-27T08:22:54Z","trip_id":"-NRX9RAvsXxc6Otu55-w","vehicleId":"S010863","vehicle_name":"Henriette"},{"_id":"-NRV7UR43pwblWhV-BCi","bikeId":"S010863","bikeName":"Henriette","currency":"EUR","discountReason":null,"endTime":"2023-03-26T23:08:54Z","revenue":170,"revenue_currency":"EUR","startTime":"2023-03-26T22:55:09Z","trip_id":"-NRV7UR43pwblWhV-BCi","vehicleId":"S010863","vehicle_name":"Henriette"},{"_id":"-NRUf8i8ODDN8nsppCw1","bikeId":"S010863","bikeName":"Henriette","currency":"EUR","discountReason":null,"endTime":"2023-03-26T20:50:07Z","revenue":78,"revenue_currency":"EUR","startTime":"2023-03-26T20:46:58Z","trip_id":"-NRUf8i8ODDN8nsppCw1","vehicleId":"S010863","vehicle_name":"Henriette"},{"_id":"-NRQliHQuOxWAaPqUK7r","bikeId":"S003132","bikeName":"Ginette","currency":"EUR","discountReason":"ponyMember","endTime":"2023-03-26T02:48:55Z","revenue":100,"revenue_currency":"EUR","startTime":"2023-03-26T02:37:12Z","trip_id":"-NRQliHQuOxWAaPqUK7r","vehicleId":"S003132","vehicle_name":"Ginette"},{"_id":"-NRNzMsnH2N4K3Lrxq7M","bikeId":"S003132","bikeName":"Ginette","currency":"EUR","discountReason":null,"endTime":"2023-03-25T15:57:10Z","revenue":1575,"revenue_currency":"EUR","startTime":"2023-03-25T13:37:58Z","trip_id":"-NRNzMsnH2N4K3Lrxq7M","vehicleId":"S003132","vehicle_name":"Ginette"},{"_id":"-NRNrPM1ww1yAMvULp46","bikeId":"S003132","bikeName":"Ginette","currency":"EUR","discountReason":null,"endTime":"2023-03-25T13:07:25Z","revenue":56,"revenue_currency":"EUR","startTime":"2023-03-25T13:03:11Z","trip_id":"-NRNrPM1ww1yAMvULp46","vehicleId":"S003132","vehicle_name":"Ginette"},{"_id":"-NRMBEGL8NHaCD2OTtzd","bikeId":"S003132","bikeName":"Ginette","currency":"EUR","discountReason":"ponyMember","endTime":"2023-03-25T05:24:37Z","revenue":100,"revenue_currency":"EUR","startTime":"2023-03-25T05:14:56Z","trip_id":"-NRMBEGL8NHaCD2OTtzd","vehicleId":"S003132","vehicle_name":"Ginette"},{"_id":"-NRK2cMVqh0cFOqZ1f4f","bikeId":"S003132","bikeName":"Ginette","currency":"EUR","discountReason":"ponyMember","endTime":"2023-03-24T19:45:11Z","revenue":100,"revenue_currency":"EUR","startTime":"2023-03-24T19:18:05Z","trip_id":"-NRK2cMVqh0cFOqZ1f4f","vehicleId":"S003132","vehicle_name":"Ginette"},{"_id":"-NRJpMPuCu2rdDyHOPr7","bikeId":"S003132","bikeName":"Ginette","currency":"EUR","discountReason":null,"endTime":"2023-03-24T18:28:24Z","revenue":146,"revenue_currency":"EUR","startTime":"2023-03-24T18:15:46Z","trip_id":"-NRJpMPuCu2rdDyHOPr7","vehicleId":"S003132","vehicle_name":"Ginette"},{"_id":"-NRJnzh2AP65uVH_hIYJ","bikeId":"S003132","bikeName":"Ginette","currency":"EUR","discountReason":null,"endTime":"2023-03-24T18:12:37Z","revenue":33,"revenue_currency":"EUR","startTime":"2023-03-24T18:09:47Z","trip_id":"-NRJnzh2AP65uVH_hIYJ","vehicleId":"S003132","vehicle_name":"Ginette"},{"_id":"-NRJXNdCCkc5sKUsku3g","bikeId":"S003132","bikeName":"Ginette","currency":"EUR","discountReason":null,"endTime":"2023-03-24T16:55:57Z","revenue":45,"revenue_currency":"EUR","startTime":"2023-03-24T16:52:50Z","trip_id":"-NRJXNdCCkc5sKUsku3g","vehicleId":"S003132","vehicle_name":"Ginette"},{"_id":"-NRJU7FfLyjIcbPloHIx","bikeId":"S003132","bikeName":"Ginette","currency":"EUR","discountReason":null,"endTime":"2023-03-24T16:39:30Z","revenue":0,"revenue_currency":"EUR","startTime":"2023-03-24T16:38:37Z","trip_id":"-NRJU7FfLyjIcbPloHIx","vehicleId":"S003132","vehicle_name":"Ginette"},{"_id":"-NRJNYE8GK_TjqG7ua3l","bikeId":"S003132","bikeName":"Ginette","currency":"EUR","discountReason":null,"endTime":"2023-03-24T16:14:01Z","revenue":56,"revenue_currency":"EUR","startTime":"2023-03-24T16:09:52Z","trip_id":"-NRJNYE8GK_TjqG7ua3l","vehicleId":"S003132","vehicle_name":"Ginette"},{"_id":"-NRITJPibN8KS8rR7I64","bikeId":"S003132","bikeName":"Ginette","currency":"EUR","discountReason":null,"endTime":"2023-03-24T12:00:05Z","revenue":56,"revenue_currency":"EUR","startTime":"2023-03-24T11:55:27Z","trip_id":"-NRITJPibN8KS8rR7I64","vehicleId":"S003132","vehicle_name":"Ginette"},{"_id":"-NRIDYLoDRt5mehLKyGb","bikeId":"S003132","bikeName":"Ginette","currency":"EUR","discountReason":null,"endTime":"2023-03-24T10:56:20Z","revenue":112,"revenue_currency":"EUR","startTime":"2023-03-24T10:46:34Z","trip_id":"-NRIDYLoDRt5mehLKyGb","vehicleId":"S003132","vehicle_name":"Ginette"},{"_id":"-NRH6TgdG5IG4K3jpgea","bikeId":"S010863","bikeName":"Henriette","currency":"EUR","discountReason":null,"endTime":"2023-03-24T05:40:36Z","revenue":87,"revenue_currency":"EUR","startTime":"2023-03-24T05:36:03Z","trip_id":"-NRH6TgdG5IG4K3jpgea","vehicleId":"S010863","vehicle_name":"Henriette"},{"_id":"-NRG-7-fb2BB_QnvH51U","bikeId":"S010863","bikeName":"Henriette","currency":"EUR","discountReason":null,"endTime":"2023-03-24T00:29:33Z","revenue":96,"revenue_currency":"EUR","startTime":"2023-03-24T00:24:18Z","trip_id":"-NRG-7-fb2BB_QnvH51U","vehicleId":"S010863","vehicle_name":"Henriette"},{"_id":"-NRF5mqq6q1VgATZsg2E","bikeId":"S010863","bikeName":"Henriette","currency":"EUR","discountReason":null,"endTime":"2023-03-23T20:28:54Z","revenue":188,"revenue_currency":"EUR","startTime":"2023-03-23T20:13:49Z","trip_id":"-NRF5mqq6q1VgATZsg2E","vehicleId":"S010863","vehicle_name":"Henriette"},{"_id":"-NRF28KxefikFpGLWyY1","bikeId":"S010863","bikeName":"Henriette","currency":"EUR","discountReason":null,"endTime":"2023-03-23T20:00:50Z","revenue":69,"revenue_currency":"EUR","startTime":"2023-03-23T19:57:52Z","trip_id":"-NRF28KxefikFpGLWyY1","vehicleId":"S010863","vehicle_name":"Henriette"},{"_id":"-NREzN9c2qb9DypXIT-l","bikeId":"S010863","bikeName":"Henriette","currency":"EUR","discountReason":null,"endTime":"2023-03-23T19:44:52Z","revenue":78,"revenue_currency":"EUR","startTime":"2023-03-23T19:41:24Z","trip_id":"-NREzN9c2qb9DypXIT-l","vehicleId":"S010863","vehicle_name":"Henriette"},{"_id":"-NREtk0iOgCXi8Akac-9","bikeId":"S010863","bikeName":"Henriette","currency":"EUR","discountReason":null,"endTime":"2023-03-23T19:22:26Z","revenue":96,"revenue_currency":"EUR","startTime":"2023-03-23T19:16:49Z","trip_id":"-NREtk0iOgCXi8Akac-9","vehicleId":"S010863","vehicle_name":"Henriette"},{"_id":"-NREeWma5Tkhs4PGtKDu","bikeId":"S010863","bikeName":"Henriette","currency":"EUR","discountReason":null,"endTime":"2023-03-23T18:22:02Z","revenue":151,"revenue_currency":"EUR","startTime":"2023-03-23T18:10:19Z","trip_id":"-NREeWma5Tkhs4PGtKDu","vehicleId":"S010863","vehicle_name":"Henriette"},{"_id":"-NRDzo-KC4UbwMLJRN8-","bikeId":"S003132","bikeName":"Ginette","currency":"EUR","discountReason":"ponyMember","endTime":"2023-03-23T15:31:28Z","revenue":100,"revenue_currency":"EUR","startTime":"2023-03-23T15:03:41Z","trip_id":"-NRDzo-KC4UbwMLJRN8-","vehicleId":"S003132","vehicle_name":"Ginette"},{"_id":"-NRDuQ0yx6cye7zg7PGC","bikeId":"S003132","bikeName":"Ginette","currency":"EUR","discountReason":"ponyMember","endTime":"2023-03-23T14:58:13Z","revenue":100,"revenue_currency":"EUR","startTime":"2023-03-23T14:40:08Z","trip_id":"-NRDuQ0yx6cye7zg7PGC","vehicleId":"S003132","vehicle_name":"Ginette"},{"_id":"-NRDpQiOR9Zyehg8l45X","bikeId":"S003132","bikeName":"Ginette","currency":"EUR","discountReason":"ponyMember","endTime":"2023-03-23T14:36:02Z","revenue":100,"revenue_currency":"EUR","startTime":"2023-03-23T14:18:20Z","trip_id":"-NRDpQiOR9Zyehg8l45X","vehicleId":"S003132","vehicle_name":"Ginette"},{"_id":"-NRDfkwIP0R_RI__iEgU","bikeId":"S003132","bikeName":"Ginette","currency":"EUR","discountReason":null,"endTime":"2023-03-23T13:52:24Z","revenue":191,"revenue_currency":"EUR","startTime":"2023-03-23T13:36:06Z","trip_id":"-NRDfkwIP0R_RI__iEgU","vehicleId":"S003132","vehicle_name":"Ginette"},{"_id":"-NRDO3hvvIJS9VvBNEhP","bikeId":"S003132","bikeName":"Ginette","currency":"EUR","discountReason":null,"endTime":"2023-03-23T12:24:10Z","revenue":112,"revenue_currency":"EUR","startTime":"2023-03-23T12:14:26Z","trip_id":"-NRDO3hvvIJS9VvBNEhP","vehicleId":"S003132","vehicle_name":"Ginette"},{"_id":"-NRDHzmvqPU7EQLvfyYN","bikeId":"S010863","bikeName":"Henriette","currency":"EUR","discountReason":"ponyMember","endTime":"2023-03-23T11:53:00Z","revenue":87,"revenue_currency":"EUR","startTime":"2023-03-23T11:47:53Z","trip_id":"-NRDHzmvqPU7EQLvfyYN","vehicleId":"S010863","vehicle_name":"Henriette"},{"_id":"-NRD9O9oPX22LbH8bKNm","bikeId":"S003132","bikeName":"Ginette","currency":"EUR","discountReason":"ponyMember","endTime":"2023-03-23T11:19:23Z","revenue":100,"revenue_currency":"EUR","startTime":"2023-03-23T11:10:18Z","trip_id":"-NRD9O9oPX22LbH8bKNm","vehicleId":"S003132","vehicle_name":"Ginette"},{"_id":"-NRCvsySDC5L0JN8Aetp","bikeId":"S003132","bikeName":"Ginette","currency":"EUR","discountReason":null,"endTime":"2023-03-23T10:10:40Z","revenue":45,"revenue_currency":"EUR","startTime":"2023-03-23T10:06:56Z","trip_id":"-NRCvsySDC5L0JN8Aetp","vehicleId":"S003132","vehicle_name":"Ginette"},{"_id":"-NRCrb621c1-Y8SodLvX","bikeId":"S010863","bikeName":"Henriette","currency":"EUR","discountReason":"ponyMember","endTime":"2023-03-23T09:54:02Z","revenue":87,"revenue_currency":"EUR","startTime":"2023-03-23T09:48:14Z","trip_id":"-NRCrb621c1-Y8SodLvX","vehicleId":"S010863","vehicle_name":"Henriette"},{"_id":"-NRChib_jPwPhNOEpcYQ","bikeId":"S003132","bikeName":"Ginette","currency":"EUR","discountReason":null,"endTime":"2023-03-23T09:09:35Z","revenue":56,"revenue_currency":"EUR","startTime":"2023-03-23T09:05:03Z","trip_id":"-NRChib_jPwPhNOEpcYQ","vehicleId":"S003132","vehicle_name":"Ginette"},{"_id":"-NRCfErS3Je5IbDtzT7Q","bikeId":"S003132","bikeName":"Ginette","currency":"EUR","discountReason":null,"endTime":"2023-03-23T08:59:12Z","revenue":56,"revenue_currency":"EUR","startTime":"2023-03-23T08:54:13Z","trip_id":"-NRCfErS3Je5IbDtzT7Q","vehicleId":"S003132","vehicle_name":"Ginette"},{"_id":"-NRCcvWNSqlYN6-BROH-","bikeId":"S003132","bikeName":"Ginette","currency":"EUR","discountReason":null,"endTime":"2023-03-23T08:47:40Z","revenue":45,"revenue_currency":"EUR","startTime":"2023-03-23T08:44:06Z","trip_id":"-NRCcvWNSqlYN6-BROH-","vehicleId":"S003132","vehicle_name":"Ginette"},{"_id":"-NRCYaNiNsYseJce2xMK","bikeId":"S003132","bikeName":"Ginette","currency":"EUR","discountReason":null,"endTime":"2023-03-23T08:28:10Z","revenue":90,"revenue_currency":"EUR","startTime":"2023-03-23T08:20:48Z","trip_id":"-NRCYaNiNsYseJce2xMK","vehicleId":"S003132","vehicle_name":"Ginette"},{"_id":"-NRCX8IFen7WZrbMSEGn","bikeId":"S003132","bikeName":"Ginette","currency":"EUR","discountReason":null,"endTime":"2023-03-23T08:17:16Z","revenue":33,"revenue_currency":"EUR","startTime":"2023-03-23T08:14:27Z","trip_id":"-NRCX8IFen7WZrbMSEGn","vehicleId":"S003132","vehicle_name":"Ginette"},{"_id":"-NRAVQNapERmOyTAUUqs","bikeId":"S010863","bikeName":"Henriette","currency":"EUR","discountReason":null,"endTime":"2023-03-22T22:52:01Z","revenue":87,"revenue_currency":"EUR","startTime":"2023-03-22T22:47:42Z","trip_id":"-NRAVQNapERmOyTAUUqs","vehicleId":"S010863","vehicle_name":"Henriette"},{"_id":"-NRATwiAinx7d02uqoWz","bikeId":"S003132","bikeName":"Ginette","currency":"EUR","discountReason":null,"endTime":"2023-03-22T22:49:53Z","revenue":187,"revenue_currency":"EUR","startTime":"2023-03-22T22:41:15Z","trip_id":"-NRATwiAinx7d02uqoWz","vehicleId":"S003132","vehicle_name":"Ginette"},{"_id":"-NR9Sylw3FZ9bf0BWKAU","bikeId":"S003132","bikeName":"Ginette","currency":"EUR","discountReason":null,"endTime":"2023-03-22T18:08:37Z","revenue":135,"revenue_currency":"EUR","startTime":"2023-03-22T17:57:24Z","trip_id":"-NR9Sylw3FZ9bf0BWKAU","vehicleId":"S003132","vehicle_name":"Ginette"},{"_id":"-NR9KIVty6DqGJvuskQW","bikeId":"S010863","bikeName":"Henriette","currency":"EUR","discountReason":null,"endTime":"2023-03-22T17:25:57Z","revenue":105,"revenue_currency":"EUR","startTime":"2023-03-22T17:19:29Z","trip_id":"-NR9KIVty6DqGJvuskQW","vehicleId":"S010863","vehicle_name":"Henriette"},{"_id":"-NR99IPoT4SFeCxeFr5k","bikeId":"S010863","bikeName":"Henriette","currency":"EUR","discountReason":null,"endTime":"2023-03-22T16:34:28Z","revenue":78,"revenue_currency":"EUR","startTime":"2023-03-22T16:31:25Z","trip_id":"-NR99IPoT4SFeCxeFr5k","vehicleId":"S010863","vehicle_name":"Henriette"},{"_id":"-NR8xh0H3BD8olzR3gmN","bikeId":"S010863","bikeName":"Henriette","currency":"EUR","discountReason":null,"endTime":"2023-03-22T15:48:32Z","revenue":160,"revenue_currency":"EUR","startTime":"2023-03-22T15:36:22Z","trip_id":"-NR8xh0H3BD8olzR3gmN","vehicleId":"S010863","vehicle_name":"Henriette"},{"_id":"-NR8kZIb4Lv6-_qcMtZ7","bikeId":"S010863","bikeName":"Henriette","currency":"EUR","discountReason":null,"endTime":"2023-03-22T14:43:56Z","revenue":87,"revenue_currency":"EUR","startTime":"2023-03-22T14:38:59Z","trip_id":"-NR8kZIb4Lv6-_qcMtZ7","vehicleId":"S010863","vehicle_name":"Henriette"},{"_id":"-NR8Qv8R3f5-675rZh0e","bikeId":"S003132","bikeName":"Ginette","currency":"EUR","discountReason":null,"endTime":"2023-03-22T13:12:55Z","revenue":56,"revenue_currency":"EUR","startTime":"2023-03-22T13:08:47Z","trip_id":"-NR8Qv8R3f5-675rZh0e","vehicleId":"S003132","vehicle_name":"Ginette"},{"_id":"-NR8BFFQhUyPuHqKM9Ex","bikeId":"S003132","bikeName":"Ginette","currency":"EUR","discountReason":null,"endTime":"2023-03-22T12:05:14Z","revenue":56,"revenue_currency":"EUR","startTime":"2023-03-22T12:00:19Z","trip_id":"-NR8BFFQhUyPuHqKM9Ex","vehicleId":"S003132","vehicle_name":"Ginette"},{"_id":"-NR87VMw0rxaKJ24Xge4","bikeId":"S010863","bikeName":"Henriette","currency":"EUR","discountReason":null,"endTime":"2023-03-22T12:03:13Z","revenue":225,"revenue_currency":"EUR","startTime":"2023-03-22T11:43:57Z","trip_id":"-NR87VMw0rxaKJ24Xge4","vehicleId":"S010863","vehicle_name":"Henriette"},{"_id":"-NR7SjHeNv5e0tICdhxo","bikeId":"S010863","bikeName":"Henriette","currency":"EUR","discountReason":"ponyMember","endTime":"2023-03-22T08:40:38Z","revenue":68,"revenue_currency":"EUR","startTime":"2023-03-22T08:37:06Z","trip_id":"-NR7SjHeNv5e0tICdhxo","vehicleId":"S010863","vehicle_name":"Henriette"},{"_id":"-NR5PSdyKbkUUnMn7-1I","bikeId":"S010863","bikeName":"Henriette","currency":"EUR","discountReason":"ponyMember","endTime":"2023-03-21T23:18:39Z","revenue":178,"revenue_currency":"EUR","startTime":"2023-03-21T23:03:33Z","trip_id":"-NR5PSdyKbkUUnMn7-1I","vehicleId":"S010863","vehicle_name":"Henriette"},{"_id":"-NR5LVdi_GuvL8ekxSOy","bikeId":"S010863","bikeName":"Henriette","currency":"EUR","discountReason":null,"endTime":"2023-03-21T23:00:06Z","revenue":170,"revenue_currency":"EUR","startTime":"2023-03-21T22:46:16Z","trip_id":"-NR5LVdi_GuvL8ekxSOy","vehicleId":"S010863","vehicle_name":"Henriette"},{"_id":"-NR4546tT0CIOjmcbp7L","bikeId":"S003132","bikeName":"Ginette","currency":"EUR","discountReason":"ponyMember","endTime":"2023-03-21T17:25:39Z","revenue":43,"revenue_currency":"EUR","startTime":"2023-03-21T16:54:52Z","trip_id":"-NR4546tT0CIOjmcbp7L","vehicleId":"S003132","vehicle_name":"Ginette"},{"_id":"-NR3s5Niln5BaSR6QpPB","bikeId":"S010863","bikeName":"Henriette","currency":"EUR","discountReason":"ponyMember","endTime":"2023-03-21T16:09:46Z","revenue":178,"revenue_currency":"EUR","startTime":"2023-03-21T15:53:47Z","trip_id":"-NR3s5Niln5BaSR6QpPB","vehicleId":"S010863","vehicle_name":"Henriette"},{"_id":"-NR3H2eAvFE9LCcOrduc","bikeId":"S010863","bikeName":"Henriette","currency":"EUR","discountReason":"ponyMember","endTime":"2023-03-21T13:25:59Z","revenue":206,"revenue_currency":"EUR","startTime":"2023-03-21T13:07:34Z","trip_id":"-NR3H2eAvFE9LCcOrduc","vehicleId":"S010863","vehicle_name":"Henriette"},{"_id":"-NR2xdgGweE3RU-sk9yH","bikeId":"S003132","bikeName":"Ginette","currency":"EUR","discountReason":null,"endTime":"2023-03-21T11:50:18Z","revenue":135,"revenue_currency":"EUR","startTime":"2023-03-21T11:38:25Z","trip_id":"-NR2xdgGweE3RU-sk9yH","vehicleId":"S003132","vehicle_name":"Ginette"},{"_id":"-NR-zJS5YyKf-5RlabcW","bikeId":"S010863","bikeName":"Henriette","currency":"EUR","discountReason":null,"endTime":"2023-03-20T21:56:09Z","revenue":133,"revenue_currency":"EUR","startTime":"2023-03-20T21:46:51Z","trip_id":"-NR-zJS5YyKf-5RlabcW","vehicleId":"S010863","vehicle_name":"Henriette"},{"_id":"-NR-jVSoCPOKBfpK8kGQ","bikeId":"S010863","bikeName":"Henriette","currency":"EUR","discountReason":null,"endTime":"2023-03-20T20:41:10Z","revenue":78,"revenue_currency":"EUR","startTime":"2023-03-20T20:37:46Z","trip_id":"-NR-jVSoCPOKBfpK8kGQ","vehicleId":"S010863","vehicle_name":"Henriette"},{"_id":"-NR-fAZqNjFjmL46lF0N","bikeId":"S003132","bikeName":"Ginette","currency":"EUR","discountReason":"ponyMember","endTime":"2023-03-20T20:34:51Z","revenue":100,"revenue_currency":"EUR","startTime":"2023-03-20T20:18:52Z","trip_id":"-NR-fAZqNjFjmL46lF0N","vehicleId":"S003132","vehicle_name":"Ginette"},{"_id":"-NR-3lJ9x20PztdsG8oY","bikeId":"S003132","bikeName":"Ginette","currency":"EUR","discountReason":"ponyMember","endTime":"2023-03-20T17:47:06Z","revenue":100,"revenue_currency":"EUR","startTime":"2023-03-20T17:31:03Z","trip_id":"-NR-3lJ9x20PztdsG8oY","vehicleId":"S003132","vehicle_name":"Ginette"},{"_id":"-NQzjbFpiS_rPgt-cDdn","bikeId":"S003132","bikeName":"Ginette","currency":"EUR","discountReason":"ponyMember","endTime":"2023-03-20T16:18:25Z","revenue":100,"revenue_currency":"EUR","startTime":"2023-03-20T15:58:37Z","trip_id":"-NQzjbFpiS_rPgt-cDdn","vehicleId":"S003132","vehicle_name":"Ginette"},{"_id":"-NQzeIawzcCjLx33GGEo","bikeId":"S010863","bikeName":"Henriette","currency":"EUR","discountReason":"ponyMember","endTime":"2023-03-20T15:52:48Z","revenue":197,"revenue_currency":"EUR","startTime":"2023-03-20T15:35:25Z","trip_id":"-NQzeIawzcCjLx33GGEo","vehicleId":"S010863","vehicle_name":"Henriette"},{"_id":"-NQzKBCirNEoCHu418yF","bikeId":"S003132","bikeName":"Ginette","currency":"EUR","discountReason":"ponyMember","endTime":"2023-03-20T14:13:22Z","revenue":100,"revenue_currency":"EUR","startTime":"2023-03-20T14:03:10Z","trip_id":"-NQzKBCirNEoCHu418yF","vehicleId":"S003132","vehicle_name":"Ginette"},{"_id":"-NQxhTZq3sEX0ZJiKOR2","bikeId":"S010863","bikeName":"Henriette","currency":"EUR","discountReason":"ponyMember","endTime":"2023-03-20T06:47:19Z","revenue":197,"revenue_currency":"EUR","startTime":"2023-03-20T06:30:02Z","trip_id":"-NQxhTZq3sEX0ZJiKOR2","vehicleId":"S010863","vehicle_name":"Henriette"},{"_id":"-NQwE5Wi56Lr7eBQRBjZ","bikeId":"S003132","bikeName":"Ginette","currency":"EUR","discountReason":null,"endTime":"2023-03-19T23:42:04Z","revenue":104,"revenue_currency":"EUR","startTime":"2023-03-19T23:37:42Z","trip_id":"-NQwE5Wi56Lr7eBQRBjZ","vehicleId":"S003132","vehicle_name":"Ginette"},{"_id":"-NQvagd7PKJwYtpqNOMm","bikeId":"S010863","bikeName":"Henriette","currency":"EUR","discountReason":null,"endTime":"2023-03-19T20:51:44Z","revenue":142,"revenue_currency":"EUR","startTime":"2023-03-19T20:41:10Z","trip_id":"-NQvagd7PKJwYtpqNOMm","vehicleId":"S010863","vehicle_name":"Henriette"},{"_id":"-NQuzhsHc43TlwIdhOuh","bikeId":"S010863","bikeName":"Henriette","currency":"EUR","discountReason":null,"endTime":"2023-03-19T18:00:51Z","revenue":133,"revenue_currency":"EUR","startTime":"2023-03-19T17:50:52Z","trip_id":"-NQuzhsHc43TlwIdhOuh","vehicleId":"S010863","vehicle_name":"Henriette"},{"_id":"-NQurrJFk3CuYaZFyTkl","bikeId":"S003132","bikeName":"Ginette","currency":"EUR","discountReason":null,"endTime":"2023-03-19T17:22:52Z","revenue":78,"revenue_currency":"EUR","startTime":"2023-03-19T17:16:33Z","trip_id":"-NQurrJFk3CuYaZFyTkl","vehicleId":"S003132","vehicle_name":"Ginette"},{"_id":"-NQul3lliE9scj20zhqu","bikeId":"S010863","bikeName":"Henriette","currency":"EUR","discountReason":null,"endTime":"2023-03-19T16:56:50Z","revenue":133,"revenue_currency":"EUR","startTime":"2023-03-19T16:46:53Z","trip_id":"-NQul3lliE9scj20zhqu","vehicleId":"S010863","vehicle_name":"Henriette"},{"_id":"-NQtRctyO83sosmN34nU","bikeId":"S010863","bikeName":"Henriette","currency":"EUR","discountReason":null,"endTime":"2023-03-19T10:41:15Z","revenue":78,"revenue_currency":"EUR","startTime":"2023-03-19T10:37:59Z","trip_id":"-NQtRctyO83sosmN34nU","vehicleId":"S010863","vehicle_name":"Henriette"},{"_id":"-NQtMVMMoHjXcgR_Iw_1","bikeId":"S010863","bikeName":"Henriette","currency":"EUR","discountReason":null,"endTime":"2023-03-19T10:20:57Z","revenue":96,"revenue_currency":"EUR","startTime":"2023-03-19T10:15:34Z","trip_id":"-NQtMVMMoHjXcgR_Iw_1","vehicleId":"S010863","vehicle_name":"Henriette"},{"_id":"-NQs_LGhFHwhCWm1J5Pl","bikeId":"S010863","bikeName":"Henriette","currency":"EUR","discountReason":null,"endTime":"2023-03-19T06:51:02Z","revenue":179,"revenue_currency":"EUR","startTime":"2023-03-19T06:36:25Z","trip_id":"-NQs_LGhFHwhCWm1J5Pl","vehicleId":"S010863","vehicle_name":"Henriette"},{"_id":"-NQrzUWq6fpkVLtWJUrA","bikeId":"S010863","bikeName":"Henriette","currency":"EUR","discountReason":null,"endTime":"2023-03-19T03:53:36Z","revenue":69,"revenue_currency":"EUR","startTime":"2023-03-19T03:51:01Z","trip_id":"-NQrzUWq6fpkVLtWJUrA","vehicleId":"S010863","vehicle_name":"Henriette"},{"_id":"-NQrioEM6gmtlu4bj_SF","bikeId":"S003132","bikeName":"Ginette","currency":"EUR","discountReason":null,"endTime":"2023-03-19T02:43:06Z","revenue":104,"revenue_currency":"EUR","startTime":"2023-03-19T02:38:10Z","trip_id":"-NQrioEM6gmtlu4bj_SF","vehicleId":"S003132","vehicle_name":"Ginette"},{"_id":"-NQqdUB0Jj6I08-jQZcM","bikeId":"S010863","bikeName":"Henriette","currency":"EUR","discountReason":null,"endTime":"2023-03-18T21:41:35Z","revenue":105,"revenue_currency":"EUR","startTime":"2023-03-18T21:35:16Z","trip_id":"-NQqdUB0Jj6I08-jQZcM","vehicleId":"S010863","vehicle_name":"Henriette"},{"_id":"-NQqQzArTzM8cIYY5tve","bikeId":"S010863","bikeName":"Henriette","currency":"EUR","discountReason":null,"endTime":"2023-03-18T20:49:47Z","revenue":170,"revenue_currency":"EUR","startTime":"2023-03-18T20:36:17Z","trip_id":"-NQqQzArTzM8cIYY5tve","vehicleId":"S010863","vehicle_name":"Henriette"},{"_id":"-NQp3FtjJqNd_sHBQKF-","bikeId":"S003132","bikeName":"Ginette","currency":"EUR","discountReason":null,"endTime":"2023-03-18T14:21:44Z","revenue":101,"revenue_currency":"EUR","startTime":"2023-03-18T14:13:01Z","trip_id":"-NQp3FtjJqNd_sHBQKF-","vehicleId":"S003132","vehicle_name":"Ginette"},{"_id":"-NQoPG4rewIVHurBD4H7","bikeId":"S003132","bikeName":"Ginette","currency":"EUR","discountReason":null,"endTime":"2023-03-18T11:26:52Z","revenue":202,"revenue_currency":"EUR","startTime":"2023-03-18T11:09:31Z","trip_id":"-NQoPG4rewIVHurBD4H7","vehicleId":"S003132","vehicle_name":"Ginette"},{"_id":"-NQo21MRgxa0WBK3lW40","bikeId":"S003132","bikeName":"Ginette","currency":"EUR","discountReason":"ponyMember","endTime":"2023-03-18T09:46:07Z","revenue":100,"revenue_currency":"EUR","startTime":"2023-03-18T09:28:02Z","trip_id":"-NQo21MRgxa0WBK3lW40","vehicleId":"S003132","vehicle_name":"Ginette"},{"_id":"-NQn3wz0SDIBkvXbp7_O","bikeId":"S010863","bikeName":"Henriette","currency":"EUR","discountReason":null,"endTime":"2023-03-18T05:08:17Z","revenue":151,"revenue_currency":"EUR","startTime":"2023-03-18T04:56:47Z","trip_id":"-NQn3wz0SDIBkvXbp7_O","vehicleId":"S010863","vehicle_name":"Henriette"},{"_id":"-NQmqGXezW-NSN5EySRd","bikeId":"S010863","bikeName":"Henriette","currency":"EUR","discountReason":null,"endTime":"2023-03-18T04:07:31Z","revenue":179,"revenue_currency":"EUR","startTime":"2023-03-18T03:52:39Z","trip_id":"-NQmqGXezW-NSN5EySRd","vehicleId":"S010863","vehicle_name":"Henriette"},{"_id":"-NQmNDts5OgHCiPrpnyY","bikeId":"S003132","bikeName":"Ginette","currency":"EUR","discountReason":"ponyMember","endTime":"2023-03-18T01:47:04Z","revenue":100,"revenue_currency":"EUR","startTime":"2023-03-18T01:41:24Z","trip_id":"-NQmNDts5OgHCiPrpnyY","vehicleId":"S003132","vehicle_name":"Ginette"},{"_id":"-NQm5hiifu-L29UcZKka","bikeId":"S010863","bikeName":"Henriette","currency":"EUR","discountReason":null,"endTime":"2023-03-18T00:31:17Z","revenue":105,"revenue_currency":"EUR","startTime":"2023-03-18T00:24:51Z","trip_id":"-NQm5hiifu-L29UcZKka","vehicleId":"S010863","vehicle_name":"Henriette"},{"_id":"-NQlsgieBGdxdFYy74Fn","bikeId":"S003132","bikeName":"Ginette","currency":"EUR","discountReason":null,"endTime":"2023-03-17T23:31:18Z","revenue":166,"revenue_currency":"EUR","startTime":"2023-03-17T23:23:37Z","trip_id":"-NQlsgieBGdxdFYy74Fn","vehicleId":"S003132","vehicle_name":"Ginette"},{"_id":"-NQlX0nT7pG_yR68qTv2","bikeId":"S010863","bikeName":"Henriette","currency":"EUR","discountReason":null,"endTime":"2023-03-17T21:50:13Z","revenue":96,"revenue_currency":"EUR","startTime":"2023-03-17T21:44:34Z","trip_id":"-NQlX0nT7pG_yR68qTv2","vehicleId":"S010863","vehicle_name":"Henriette"},{"_id":"-NQlWaOYDkZRa0WX-JHT","bikeId":"S003132","bikeName":"Ginette","currency":"EUR","discountReason":null,"endTime":"2023-03-17T21:46:21Z","revenue":83,"revenue_currency":"EUR","startTime":"2023-03-17T21:42:42Z","trip_id":"-NQlWaOYDkZRa0WX-JHT","vehicleId":"S003132","vehicle_name":"Ginette"},{"_id":"-NQlUms7m_umV9iz53Az","bikeId":"S010863","bikeName":"Henriette","currency":"EUR","discountReason":null,"endTime":"2023-03-17T21:42:08Z","revenue":115,"revenue_currency":"EUR","startTime":"2023-03-17T21:34:49Z","trip_id":"-NQlUms7m_umV9iz53Az","vehicleId":"S010863","vehicle_name":"Henriette"},{"_id":"-NQlRVc_KeN8H9TdI3yk","bikeId":"S003132","bikeName":"Ginette","currency":"EUR","discountReason":null,"endTime":"2023-03-17T21:27:10Z","revenue":145,"revenue_currency":"EUR","startTime":"2023-03-17T21:20:28Z","trip_id":"-NQlRVc_KeN8H9TdI3yk","vehicleId":"S003132","vehicle_name":"Ginette"},{"_id":"-NQkwB3iu2TYhj9ur1w0","bikeId":"S003132","bikeName":"Ginette","currency":"EUR","discountReason":"ponyMember","endTime":"2023-03-17T19:27:20Z","revenue":100,"revenue_currency":"EUR","startTime":"2023-03-17T18:59:15Z","trip_id":"-NQkwB3iu2TYhj9ur1w0","vehicleId":"S003132","vehicle_name":"Ginette"},{"_id":"-NQknUDvzfuVAAedxYmi","bikeId":"S010863","bikeName":"Henriette","currency":"EUR","discountReason":null,"endTime":"2023-03-17T18:24:27Z","revenue":78,"revenue_currency":"EUR","startTime":"2023-03-17T18:21:14Z","trip_id":"-NQknUDvzfuVAAedxYmi","vehicleId":"S010863","vehicle_name":"Henriette"},{"_id":"-NQklguh09g7M3ljQCWD","bikeId":"S010863","bikeName":"Henriette","currency":"EUR","discountReason":null,"endTime":"2023-03-17T18:16:46Z","revenue":78,"revenue_currency":"EUR","startTime":"2023-03-17T18:13:26Z","trip_id":"-NQklguh09g7M3ljQCWD","vehicleId":"S010863","vehicle_name":"Henriette"},{"_id":"-NQkkUWxF2axUvPBivm6","bikeId":"S003132","bikeName":"Ginette","currency":"EUR","discountReason":"ponyMember","endTime":"2023-03-17T18:38:56Z","revenue":43,"revenue_currency":"EUR","startTime":"2023-03-17T18:08:09Z","trip_id":"-NQkkUWxF2axUvPBivm6","vehicleId":"S003132","vehicle_name":"Ginette"},{"_id":"-NQkjmAmpTEbZyJuo-Ph","bikeId":"S010863","bikeName":"Henriette","currency":"EUR","discountReason":null,"endTime":"2023-03-17T18:08:59Z","revenue":78,"revenue_currency":"EUR","startTime":"2023-03-17T18:05:03Z","trip_id":"-NQkjmAmpTEbZyJuo-Ph","vehicleId":"S010863","vehicle_name":"Henriette"},{"_id":"-NQki8VXHem_9d4UmwLe","bikeId":"S003132","bikeName":"Ginette","currency":"EUR","discountReason":null,"endTime":"2023-03-17T18:04:53Z","revenue":78,"revenue_currency":"EUR","startTime":"2023-03-17T17:57:54Z","trip_id":"-NQki8VXHem_9d4UmwLe","vehicleId":"S003132","vehicle_name":"Ginette"},{"_id":"-NQk_41YhWrYpfXi_cy9","bikeId":"S010863","bikeName":"Henriette","currency":"EUR","discountReason":null,"endTime":"2023-03-17T17:26:01Z","revenue":115,"revenue_currency":"EUR","startTime":"2023-03-17T17:18:17Z","trip_id":"-NQk_41YhWrYpfXi_cy9","vehicleId":"S010863","vehicle_name":"Henriette"},{"_id":"-NQkYUUo6yQ7A94Ej8mk","bikeId":"S010863","bikeName":"Henriette","currency":"EUR","discountReason":null,"endTime":"2023-03-17T17:15:21Z","revenue":78,"revenue_currency":"EUR","startTime":"2023-03-17T17:11:21Z","trip_id":"-NQkYUUo6yQ7A94Ej8mk","vehicleId":"S010863","vehicle_name":"Henriette"},{"_id":"-NQkVEZuym-7lDyY8C8v","bikeId":"S003132","bikeName":"Ginette","currency":"EUR","discountReason":null,"endTime":"2023-03-17T17:09:51Z","revenue":146,"revenue_currency":"EUR","startTime":"2023-03-17T16:57:09Z","trip_id":"-NQkVEZuym-7lDyY8C8v","vehicleId":"S003132","vehicle_name":"Ginette"},{"_id":"-NQkTFqNnCg9hJTrmNo-","bikeId":"S010863","bikeName":"Henriette","currency":"EUR","discountReason":null,"endTime":"2023-03-17T16:55:13Z","revenue":105,"revenue_currency":"EUR","startTime":"2023-03-17T16:48:30Z","trip_id":"-NQkTFqNnCg9hJTrmNo-","vehicleId":"S010863","vehicle_name":"Henriette"},{"_id":"-NQkP-mtyesHlcqF_PXp","bikeId":"S003132","bikeName":"Ginette","currency":"EUR","discountReason":null,"endTime":"2023-03-17T16:38:02Z","revenue":101,"revenue_currency":"EUR","startTime":"2023-03-17T16:29:56Z","trip_id":"-NQkP-mtyesHlcqF_PXp","vehicleId":"S003132","vehicle_name":"Ginette"},{"_id":"-NQkGrpGtRXAsdX8Wzg9","bikeId":"S003132","bikeName":"Ginette","currency":"EUR","discountReason":null,"endTime":"2023-03-17T16:02:11Z","revenue":90,"revenue_currency":"EUR","startTime":"2023-03-17T15:54:22Z","trip_id":"-NQkGrpGtRXAsdX8Wzg9","vehicleId":"S003132","vehicle_name":"Ginette"},{"_id":"-NQk7NgWpkKAfz1Hb8gW","bikeId":"S010863","bikeName":"Henriette","currency":"EUR","discountReason":null,"endTime":"2023-03-17T15:17:30Z","revenue":87,"revenue_currency":"EUR","startTime":"2023-03-17T15:12:55Z","trip_id":"-NQk7NgWpkKAfz1Hb8gW","vehicleId":"S010863","vehicle_name":"Henriette"},{"_id":"-NQk5BCA6p5GfES1fpgA","bikeId":"S010863","bikeName":"Henriette","currency":"EUR","discountReason":"ponyMember","endTime":"2023-03-17T15:08:24Z","revenue":87,"revenue_currency":"EUR","startTime":"2023-03-17T15:03:20Z","trip_id":"-NQk5BCA6p5GfES1fpgA","vehicleId":"S010863","vehicle_name":"Henriette"},{"_id":"-NQjxqnAAC747fj6gIsY","bikeId":"S010863","bikeName":"Henriette","currency":"EUR","discountReason":null,"endTime":"2023-03-17T14:28:37Z","revenue":60,"revenue_currency":"EUR","startTime":"2023-03-17T14:26:55Z","trip_id":"-NQjxqnAAC747fj6gIsY","vehicleId":"S010863","vehicle_name":"Henriette"},{"_id":"-NQjnFLojoSKrKQ1rkjN","bikeId":"S010863","bikeName":"Henriette","currency":"EUR","discountReason":null,"endTime":"2023-03-17T13:41:09Z","revenue":0,"revenue_currency":"EUR","startTime":"2023-03-17T13:40:36Z","trip_id":"-NQjnFLojoSKrKQ1rkjN","vehicleId":"S010863","vehicle_name":"Henriette"},{"_id":"-NQjknFHE349p5Ka5Fzj","bikeId":"S003132","bikeName":"Ginette","currency":"EUR","discountReason":null,"endTime":"2023-03-17T13:37:18Z","revenue":90,"revenue_currency":"EUR","startTime":"2023-03-17T13:29:52Z","trip_id":"-NQjknFHE349p5Ka5Fzj","vehicleId":"S003132","vehicle_name":"Ginette"},{"_id":"-NQjf5zTEXmVwRmQE9BG","bikeId":"S003132","bikeName":"Ginette","currency":"EUR","discountReason":null,"endTime":"2023-03-17T13:15:03Z","revenue":123,"revenue_currency":"EUR","startTime":"2023-03-17T13:05:00Z","trip_id":"-NQjf5zTEXmVwRmQE9BG","vehicleId":"S003132","vehicle_name":"Ginette"},{"_id":"-NQjcSJG_fHKFzeBMUzw","bikeId":"S003132","bikeName":"Ginette","currency":"EUR","discountReason":null,"endTime":"2023-03-17T13:01:26Z","revenue":90,"revenue_currency":"EUR","startTime":"2023-03-17T12:53:25Z","trip_id":"-NQjcSJG_fHKFzeBMUzw","vehicleId":"S003132","vehicle_name":"Ginette"},{"_id":"-NQjLtxfkjQZvGowMJR8","bikeId":"S010863","bikeName":"Henriette","currency":"EUR","discountReason":null,"endTime":"2023-03-17T11:38:52Z","revenue":69,"revenue_currency":"EUR","startTime":"2023-03-17T11:36:44Z","trip_id":"-NQjLtxfkjQZvGowMJR8","vehicleId":"S010863","vehicle_name":"Henriette"},{"_id":"-NQjHgm6Eb3_bF-2HwKK","bikeId":"S003132","bikeName":"Ginette","currency":"EUR","discountReason":null,"endTime":"2023-03-17T12:30:30Z","revenue":821,"revenue_currency":"EUR","startTime":"2023-03-17T11:18:22Z","trip_id":"-NQjHgm6Eb3_bF-2HwKK","vehicleId":"S003132","vehicle_name":"Ginette"},{"_id":"-NQjEpQglmP5eV21oojt","bikeId":"S010863","bikeName":"Henriette","currency":"EUR","discountReason":null,"endTime":"2023-03-17T11:09:19Z","revenue":78,"revenue_currency":"EUR","startTime":"2023-03-17T11:05:51Z","trip_id":"-NQjEpQglmP5eV21oojt","vehicleId":"S010863","vehicle_name":"Henriette"},{"_id":"-NQj6NzutxwezgOwzKAN","bikeId":"S003132","bikeName":"Ginette","currency":"EUR","discountReason":null,"endTime":"2023-03-17T10:32:45Z","revenue":45,"revenue_currency":"EUR","startTime":"2023-03-17T10:28:57Z","trip_id":"-NQj6NzutxwezgOwzKAN","vehicleId":"S003132","vehicle_name":"Ginette"},{"_id":"-NQivsr3dkdK-hFFL4Nx","bikeId":"S010863","bikeName":"Henriette","currency":"EUR","discountReason":null,"endTime":"2023-03-17T09:42:50Z","revenue":87,"revenue_currency":"EUR","startTime":"2023-03-17T09:38:42Z","trip_id":"-NQivsr3dkdK-hFFL4Nx","vehicleId":"S010863","vehicle_name":"Henriette"},{"_id":"-NQihKC3k_-pmft5k6Y-","bikeId":"S003132","bikeName":"Ginette","currency":"EUR","discountReason":null,"endTime":"2023-03-17T08:37:04Z","revenue":22,"revenue_currency":"EUR","startTime":"2023-03-17T08:35:06Z","trip_id":"-NQihKC3k_-pmft5k6Y-","vehicleId":"S003132","vehicle_name":"Ginette"},{"_id":"-NQiWSGwzepu_hrarXF8","bikeId":"S003132","bikeName":"Ginette","currency":"EUR","discountReason":null,"endTime":"2023-03-17T07:49:39Z","revenue":78,"revenue_currency":"EUR","startTime":"2023-03-17T07:43:13Z","trip_id":"-NQiWSGwzepu_hrarXF8","vehicleId":"S003132","vehicle_name":"Ginette"},{"_id":"-NQgpVhOjhN0Z6fX_Sko","bikeId":"S003132","bikeName":"Ginette","currency":"EUR","discountReason":null,"endTime":"2023-03-16T23:56:48Z","revenue":125,"revenue_currency":"EUR","startTime":"2023-03-16T23:51:35Z","trip_id":"-NQgpVhOjhN0Z6fX_Sko","vehicleId":"S003132","vehicle_name":"Ginette"},{"_id":"-NQg_30bIqLo5LRS-dIB","bikeId":"S003132","bikeName":"Ginette","currency":"EUR","discountReason":null,"endTime":"2023-03-16T22:45:15Z","revenue":125,"revenue_currency":"EUR","startTime":"2023-03-16T22:39:44Z","trip_id":"-NQg_30bIqLo5LRS-dIB","vehicleId":"S003132","vehicle_name":"Ginette"},{"_id":"-NQg8tAhyIlI75EwGPhE","bikeId":"S003132","bikeName":"Ginette","currency":"EUR","discountReason":null,"endTime":"2023-03-16T20:44:50Z","revenue":83,"revenue_currency":"EUR","startTime":"2023-03-16T20:41:01Z","trip_id":"-NQg8tAhyIlI75EwGPhE","vehicleId":"S003132","vehicle_name":"Ginette"},{"_id":"-NQg0NWMREoxYGRsPkgs","bikeId":"S003132","bikeName":"Ginette","currency":"EUR","discountReason":null,"endTime":"2023-03-16T20:10:43Z","revenue":145,"revenue_currency":"EUR","startTime":"2023-03-16T20:03:50Z","trip_id":"-NQg0NWMREoxYGRsPkgs","vehicleId":"S003132","vehicle_name":"Ginette"},{"_id":"-NQe5jLThmEK5yePY5nL","bikeId":"S003132","bikeName":"Ginette","currency":"EUR","discountReason":null,"endTime":"2023-03-16T11:13:11Z","revenue":67,"revenue_currency":"EUR","startTime":"2023-03-16T11:08:00Z","trip_id":"-NQe5jLThmEK5yePY5nL","vehicleId":"S003132","vehicle_name":"Ginette"},{"_id":"-NQdzQk0tD3uC5bYFrhM","bikeId":"S003132","bikeName":"Ginette","currency":"EUR","discountReason":null,"endTime":"2023-03-16T10:42:47Z","revenue":78,"revenue_currency":"EUR","startTime":"2023-03-16T10:36:05Z","trip_id":"-NQdzQk0tD3uC5bYFrhM","vehicleId":"S003132","vehicle_name":"Ginette"},{"_id":"-NQaZwrBXHJVwJYf3ink","bikeId":"S003132","bikeName":"Ginette","currency":"EUR","discountReason":null,"endTime":"2023-03-15T18:46:22Z","revenue":56,"revenue_currency":"EUR","startTime":"2023-03-15T18:41:31Z","trip_id":"-NQaZwrBXHJVwJYf3ink","vehicleId":"S003132","vehicle_name":"Ginette"},{"_id":"-NQaEan8NJ5y1d3W65cT","bikeId":"S003132","bikeName":"Ginette","currency":"EUR","discountReason":null,"endTime":"2023-03-15T17:23:30Z","revenue":180,"revenue_currency":"EUR","startTime":"2023-03-15T17:08:16Z","trip_id":"-NQaEan8NJ5y1d3W65cT","vehicleId":"S003132","vehicle_name":"Ginette"},{"_id":"-NQa5ToyZQer-T5Vdinx","bikeId":"S003132","bikeName":"Ginette","currency":"EUR","discountReason":null,"endTime":"2023-03-15T16:33:31Z","revenue":67,"revenue_currency":"EUR","startTime":"2023-03-15T16:28:24Z","trip_id":"-NQa5ToyZQer-T5Vdinx","vehicleId":"S003132","vehicle_name":"Ginette"},{"_id":"-NQa3KySO87mO5ty8g4Q","bikeId":"S010863","bikeName":"Henriette","currency":"EUR","discountReason":null,"endTime":"2023-03-15T16:37:28Z","revenue":215,"revenue_currency":"EUR","startTime":"2023-03-15T16:19:03Z","trip_id":"-NQa3KySO87mO5ty8g4Q","vehicleId":"S010863","vehicle_name":"Henriette"},{"_id":"-NQ_ep0qLy5bb_Ol4Q96","bikeId":"S003132","bikeName":"Ginette","currency":"EUR","discountReason":null,"endTime":"2023-03-15T14:29:02Z","revenue":22,"revenue_currency":"EUR","startTime":"2023-03-15T14:27:35Z","trip_id":"-NQ_ep0qLy5bb_Ol4Q96","vehicleId":"S003132","vehicle_name":"Ginette"},{"_id":"-NQXrFRLvaVHr0C7yIPJ","bikeId":"S003132","bikeName":"Ginette","currency":"EUR","discountReason":null,"endTime":"2023-03-15T01:26:04Z","revenue":83,"revenue_currency":"EUR","startTime":"2023-03-15T01:23:01Z","trip_id":"-NQXrFRLvaVHr0C7yIPJ","vehicleId":"S003132","vehicle_name":"Ginette"},{"_id":"-NQWTon_DNaM22dvHrvV","bikeId":"S003132","bikeName":"Ginette","currency":"EUR","discountReason":null,"endTime":"2023-03-14T19:01:06Z","revenue":56,"revenue_currency":"EUR","startTime":"2023-03-14T18:56:39Z","trip_id":"-NQWTon_DNaM22dvHrvV","vehicleId":"S003132","vehicle_name":"Ginette"},{"_id":"-NQVlEb7HP5G8prwV9K9","bikeId":"S003132","bikeName":"Ginette","currency":"EUR","discountReason":null,"endTime":"2023-03-14T15:41:49Z","revenue":56,"revenue_currency":"EUR","startTime":"2023-03-14T15:37:30Z","trip_id":"-NQVlEb7HP5G8prwV9K9","vehicleId":"S003132","vehicle_name":"Ginette"},{"_id":"-NQVBOpLcMDOi5zv7NQy","bikeId":"S003132","bikeName":"Ginette","currency":"EUR","discountReason":null,"endTime":"2023-03-14T13:02:19Z","revenue":67,"revenue_currency":"EUR","startTime":"2023-03-14T12:56:33Z","trip_id":"-NQVBOpLcMDOi5zv7NQy","vehicleId":"S003132","vehicle_name":"Ginette"},{"_id":"-NQRciBla61zW6LDOO0r","bikeId":"S010863","bikeName":"Henriette","currency":"EUR","discountReason":"ponyMember","endTime":"2023-03-13T20:42:22Z","revenue":224,"revenue_currency":"EUR","startTime":"2023-03-13T20:21:47Z","trip_id":"-NQRciBla61zW6LDOO0r","vehicleId":"S010863","vehicle_name":"Henriette"},{"_id":"-NQRPcQty3XsVA9dFAYp","bikeId":"S010863","bikeName":"Henriette","currency":"EUR","discountReason":null,"endTime":"2023-03-13T19:28:27Z","revenue":124,"revenue_currency":"EUR","startTime":"2023-03-13T19:20:14Z","trip_id":"-NQRPcQty3XsVA9dFAYp","vehicleId":"S010863","vehicle_name":"Henriette"},{"_id":"-NQQlW97ymf0QOA_XtHU","bikeId":"S010863","bikeName":"Henriette","currency":"EUR","discountReason":null,"endTime":"2023-03-13T16:37:23Z","revenue":197,"revenue_currency":"EUR","startTime":"2023-03-13T16:20:36Z","trip_id":"-NQQlW97ymf0QOA_XtHU","vehicleId":"S010863","vehicle_name":"Henriette"},{"_id":"-NQQfgF8zzBXroBDkVc2","bikeId":"S003132","bikeName":"Ginette","currency":"EUR","discountReason":null,"endTime":"2023-03-13T15:59:16Z","revenue":56,"revenue_currency":"EUR","startTime":"2023-03-13T15:55:09Z","trip_id":"-NQQfgF8zzBXroBDkVc2","vehicleId":"S003132","vehicle_name":"Ginette"},{"_id":"-NQQbhynVb_8VNJ45IJT","bikeId":"S010863","bikeName":"Henriette","currency":"EUR","discountReason":null,"endTime":"2023-03-13T15:46:10Z","revenue":124,"revenue_currency":"EUR","startTime":"2023-03-13T15:37:47Z","trip_id":"-NQQbhynVb_8VNJ45IJT","vehicleId":"S010863","vehicle_name":"Henriette"},{"_id":"-NQQYj3Qwz1jundxBAlX","bikeId":"S003132","bikeName":"Ginette","currency":"EUR","discountReason":null,"endTime":"2023-03-13T15:23:25Z","revenue":45,"revenue_currency":"EUR","startTime":"2023-03-13T15:20:23Z","trip_id":"-NQQYj3Qwz1jundxBAlX","vehicleId":"S003132","vehicle_name":"Ginette"},{"_id":"-NQQTri5TcDG4cjUv93g","bikeId":"S003132","bikeName":"Ginette","currency":"EUR","discountReason":null,"endTime":"2023-03-13T15:14:48Z","revenue":180,"revenue_currency":"EUR","startTime":"2023-03-13T14:59:08Z","trip_id":"-NQQTri5TcDG4cjUv93g","vehicleId":"S003132","vehicle_name":"Ginette"},{"_id":"-NQQ7_mVGWyFwhoks99Z","bikeId":"S003132","bikeName":"Ginette","currency":"EUR","discountReason":null,"endTime":"2023-03-13T13:25:58Z","revenue":56,"revenue_currency":"EUR","startTime":"2023-03-13T13:21:47Z","trip_id":"-NQQ7_mVGWyFwhoks99Z","vehicleId":"S003132","vehicle_name":"Ginette"},{"_id":"-NQQ3dARSf37Hh00Sq4u","bikeId":"S003132","bikeName":"Ginette","currency":"EUR","discountReason":null,"endTime":"2023-03-13T13:06:57Z","revenue":33,"revenue_currency":"EUR","startTime":"2023-03-13T13:04:32Z","trip_id":"-NQQ3dARSf37Hh00Sq4u","vehicleId":"S003132","vehicle_name":"Ginette"},{"_id":"-NQPyeDARnriZLdfYyyv","bikeId":"S003132","bikeName":"Ginette","currency":"EUR","discountReason":null,"endTime":"2023-03-13T12:42:14Z","revenue":45,"revenue_currency":"EUR","startTime":"2023-03-13T12:38:24Z","trip_id":"-NQPyeDARnriZLdfYyyv","vehicleId":"S003132","vehicle_name":"Ginette"},{"_id":"-NQPv0ocYdZ0VJrf6fJE","bikeId":"S003132","bikeName":"Ginette","currency":"EUR","discountReason":null,"endTime":"2023-03-13T12:25:09Z","revenue":33,"revenue_currency":"EUR","startTime":"2023-03-13T12:22:32Z","trip_id":"-NQPv0ocYdZ0VJrf6fJE","vehicleId":"S003132","vehicle_name":"Ginette"},{"_id":"-NQPilIBW2uN_pc2_ncb","bikeId":"S003132","bikeName":"Ginette","currency":"EUR","discountReason":null,"endTime":"2023-03-13T11:33:09Z","revenue":56,"revenue_currency":"EUR","startTime":"2023-03-13T11:28:59Z","trip_id":"-NQPilIBW2uN_pc2_ncb","vehicleId":"S003132","vehicle_name":"Ginette"},{"_id":"-NQPTbcdO1XRpqbTbR0t","bikeId":"S003132","bikeName":"Ginette","currency":"EUR","discountReason":null,"endTime":"2023-03-13T10:23:03Z","revenue":56,"revenue_currency":"EUR","startTime":"2023-03-13T10:18:25Z","trip_id":"-NQPTbcdO1XRpqbTbR0t","vehicleId":"S003132","vehicle_name":"Ginette"},{"_id":"-NQOk71eRHg9OTFJHVkG","bikeId":"S003132","bikeName":"Ginette","currency":"EUR","discountReason":null,"endTime":"2023-03-13T06:58:49Z","revenue":45,"revenue_currency":"EUR","startTime":"2023-03-13T06:55:17Z","trip_id":"-NQOk71eRHg9OTFJHVkG","vehicleId":"S003132","vehicle_name":"Ginette"},{"_id":"-NQOF2g3sjNMwOt5i6Xw","bikeId":"S003132","bikeName":"Ginette","currency":"EUR","discountReason":null,"endTime":"2023-03-13T04:39:06Z","revenue":45,"revenue_currency":"EUR","startTime":"2023-03-13T04:35:10Z","trip_id":"-NQOF2g3sjNMwOt5i6Xw","vehicleId":"S003132","vehicle_name":"Ginette"},{"_id":"-NQLemarRdZqXsF7v8yG","bikeId":"S003132","bikeName":"Ginette","currency":"EUR","discountReason":null,"endTime":"2023-03-12T16:34:37Z","revenue":22,"revenue_currency":"EUR","startTime":"2023-03-12T16:33:06Z","trip_id":"-NQLemarRdZqXsF7v8yG","vehicleId":"S003132","vehicle_name":"Ginette"},{"_id":"-NQKkyMXvScqBpV4NzJG","bikeId":"S003132","bikeName":"Ginette","currency":"EUR","discountReason":null,"endTime":"2023-03-12T12:26:11Z","revenue":67,"revenue_currency":"EUR","startTime":"2023-03-12T12:20:30Z","trip_id":"-NQKkyMXvScqBpV4NzJG","vehicleId":"S003132","vehicle_name":"Ginette"},{"_id":"-NQK1W2SB-69EtRug8Mu","bikeId":"S003132","bikeName":"Ginette","currency":"EUR","discountReason":null,"endTime":"2023-03-12T09:01:35Z","revenue":56,"revenue_currency":"EUR","startTime":"2023-03-12T08:57:32Z","trip_id":"-NQK1W2SB-69EtRug8Mu","vehicleId":"S003132","vehicle_name":"Ginette"},{"_id":"-NQJzsaq8CWZ5ExP2R6f","bikeId":"S003132","bikeName":"Ginette","currency":"EUR","discountReason":null,"endTime":"2023-03-12T08:54:24Z","revenue":101,"revenue_currency":"EUR","startTime":"2023-03-12T08:46:02Z","trip_id":"-NQJzsaq8CWZ5ExP2R6f","vehicleId":"S003132","vehicle_name":"Ginette"},{"_id":"-NQJthMPfkYj6OSt6mvb","bikeId":"S003132","bikeName":"Ginette","currency":"EUR","discountReason":null,"endTime":"2023-03-12T08:21:31Z","revenue":33,"revenue_currency":"EUR","startTime":"2023-03-12T08:19:03Z","trip_id":"-NQJthMPfkYj6OSt6mvb","vehicleId":"S003132","vehicle_name":"Ginette"},{"_id":"-NQJsf-vS_r-qzRycSvw","bikeId":"S003132","bikeName":"Ginette","currency":"EUR","discountReason":null,"endTime":"2023-03-12T08:17:17Z","revenue":33,"revenue_currency":"EUR","startTime":"2023-03-12T08:14:31Z","trip_id":"-NQJsf-vS_r-qzRycSvw","vehicleId":"S003132","vehicle_name":"Ginette"},{"_id":"-NQJs9DyOM6VO6TX52oa","bikeId":"S003132","bikeName":"Ginette","currency":"EUR","discountReason":null,"endTime":"2023-03-12T08:14:15Z","revenue":22,"revenue_currency":"EUR","startTime":"2023-03-12T08:12:17Z","trip_id":"-NQJs9DyOM6VO6TX52oa","vehicleId":"S003132","vehicle_name":"Ginette"},{"_id":"-NQJr4GvIecl8Jl9AI0W","bikeId":"S003132","bikeName":"Ginette","currency":"EUR","discountReason":null,"endTime":"2023-03-12T08:08:18Z","revenue":0,"revenue_currency":"EUR","startTime":"2023-03-12T08:07:34Z","trip_id":"-NQJr4GvIecl8Jl9AI0W","vehicleId":"S003132","vehicle_name":"Ginette"},{"_id":"-NQIWUlqAQylRXZsZQ_8","bikeId":"S003132","bikeName":"Ginette","currency":"EUR","discountReason":null,"endTime":"2023-03-12T01:55:44Z","revenue":62,"revenue_currency":"EUR","startTime":"2023-03-12T01:53:38Z","trip_id":"-NQIWUlqAQylRXZsZQ_8","vehicleId":"S003132","vehicle_name":"Ginette"},{"_id":"-NQGQ5bDUFtOG0hgcjQk","bikeId":"S003132","bikeName":"Ginette","currency":"EUR","discountReason":null,"endTime":"2023-03-11T16:09:19Z","revenue":33,"revenue_currency":"EUR","startTime":"2023-03-11T16:06:28Z","trip_id":"-NQGQ5bDUFtOG0hgcjQk","vehicleId":"S003132","vehicle_name":"Ginette"},{"_id":"-NQG-xQ5lmpptM6tPPE1","bikeId":"S003132","bikeName":"Ginette","currency":"EUR","discountReason":null,"endTime":"2023-03-11T14:21:20Z","revenue":112,"revenue_currency":"EUR","startTime":"2023-03-11T14:12:15Z","trip_id":"-NQG-xQ5lmpptM6tPPE1","vehicleId":"S003132","vehicle_name":"Ginette"},{"_id":"-NQEwLY3Wf-DoO5uUlcP","bikeId":"S003132","bikeName":"Ginette","currency":"EUR","discountReason":null,"endTime":"2023-03-11T09:21:42Z","revenue":112,"revenue_currency":"EUR","startTime":"2023-03-11T09:12:30Z","trip_id":"-NQEwLY3Wf-DoO5uUlcP","vehicleId":"S003132","vehicle_name":"Ginette"},{"_id":"-NQCzC_X-P5vhiOs8SrB","bikeId":"S010863","bikeName":"Henriette","currency":"EUR","discountReason":null,"endTime":"2023-03-11T00:11:45Z","revenue":96,"revenue_currency":"EUR","startTime":"2023-03-11T00:05:45Z","trip_id":"-NQCzC_X-P5vhiOs8SrB","vehicleId":"S010863","vehicle_name":"Henriette"},{"_id":"-NQCAig2yst_OkS0p8tJ","bikeId":"S003132","bikeName":"Ginette","currency":"EUR","discountReason":"ponyMember","endTime":"2023-03-10T20:29:17Z","revenue":100,"revenue_currency":"EUR","startTime":"2023-03-10T20:20:49Z","trip_id":"-NQCAig2yst_OkS0p8tJ","vehicleId":"S003132","vehicle_name":"Ginette"},{"_id":"-NQC4ZZR2JTLpqQ9rD9G","bikeId":"S003132","bikeName":"Ginette","currency":"EUR","discountReason":null,"endTime":"2023-03-10T20:00:12Z","revenue":78,"revenue_currency":"EUR","startTime":"2023-03-10T19:53:55Z","trip_id":"-NQC4ZZR2JTLpqQ9rD9G","vehicleId":"S003132","vehicle_name":"Ginette"},{"_id":"-NQBe8T5ijWUZsT-cO9U","bikeId":"S003132","bikeName":"Ginette","currency":"EUR","discountReason":null,"endTime":"2023-03-10T18:00:02Z","revenue":67,"revenue_currency":"EUR","startTime":"2023-03-10T17:54:06Z","trip_id":"-NQBe8T5ijWUZsT-cO9U","vehicleId":"S003132","vehicle_name":"Ginette"},{"_id":"-NQBAv78F1NRvDwQt2T7","bikeId":"S003132","bikeName":"Ginette","currency":"EUR","discountReason":null,"endTime":"2023-03-10T15:47:36Z","revenue":67,"revenue_currency":"EUR","startTime":"2023-03-10T15:42:03Z","trip_id":"-NQBAv78F1NRvDwQt2T7","vehicleId":"S003132","vehicle_name":"Ginette"},{"_id":"-NQAvyW8GuwNMENpjplU","bikeId":"S010863","bikeName":"Henriette","currency":"EUR","discountReason":null,"endTime":"2023-03-10T14:41:31Z","revenue":133,"revenue_currency":"EUR","startTime":"2023-03-10T14:32:22Z","trip_id":"-NQAvyW8GuwNMENpjplU","vehicleId":"S010863","vehicle_name":"Henriette"},{"_id":"-NQAs_kZUqvg8q86NVtW","bikeId":"S010863","bikeName":"Henriette","currency":"EUR","discountReason":null,"endTime":"2023-03-10T14:20:28Z","revenue":69,"revenue_currency":"EUR","startTime":"2023-03-10T14:17:34Z","trip_id":"-NQAs_kZUqvg8q86NVtW","vehicleId":"S010863","vehicle_name":"Henriette"},{"_id":"-NQARF_DvMTuLum8EVkW","bikeId":"S003132","bikeName":"Ginette","currency":"EUR","discountReason":null,"endTime":"2023-03-10T12:20:02Z","revenue":78,"revenue_currency":"EUR","startTime":"2023-03-10T12:13:48Z","trip_id":"-NQARF_DvMTuLum8EVkW","vehicleId":"S003132","vehicle_name":"Ginette"},{"_id":"-NQAIh-wmz5bBuvWS-Ei","bikeId":"S010863","bikeName":"Henriette","currency":"EUR","discountReason":null,"endTime":"2023-03-10T11:42:45Z","revenue":105,"revenue_currency":"EUR","startTime":"2023-03-10T11:36:25Z","trip_id":"-NQAIh-wmz5bBuvWS-Ei","vehicleId":"S010863","vehicle_name":"Henriette"},{"_id":"-NQAGZazJ3cJuWqMMgfs","bikeId":"S003132","bikeName":"Ginette","currency":"EUR","discountReason":null,"endTime":"2023-03-10T11:29:15Z","revenue":33,"revenue_currency":"EUR","startTime":"2023-03-10T11:27:06Z","trip_id":"-NQAGZazJ3cJuWqMMgfs","vehicleId":"S003132","vehicle_name":"Ginette"},{"_id":"-NQADiDcmrCxKuh4vJoo","bikeId":"S003132","bikeName":"Ginette","currency":"EUR","discountReason":null,"endTime":"2023-03-10T11:16:01Z","revenue":22,"revenue_currency":"EUR","startTime":"2023-03-10T11:14:39Z","trip_id":"-NQADiDcmrCxKuh4vJoo","vehicleId":"S003132","vehicle_name":"Ginette"},{"_id":"-NQACUIKxPDaYUt3tjhP","bikeId":"S010863","bikeName":"Henriette","currency":"EUR","discountReason":null,"endTime":"2023-03-10T11:14:15Z","revenue":87,"revenue_currency":"EUR","startTime":"2023-03-10T11:09:16Z","trip_id":"-NQACUIKxPDaYUt3tjhP","vehicleId":"S010863","vehicle_name":"Henriette"},{"_id":"-NQA7t3GKAVPSVmvcFTi","bikeId":"S010863","bikeName":"Henriette","currency":"EUR","discountReason":null,"endTime":"2023-03-10T10:50:17Z","revenue":60,"revenue_currency":"EUR","startTime":"2023-03-10T10:49:11Z","trip_id":"-NQA7t3GKAVPSVmvcFTi","vehicleId":"S010863","vehicle_name":"Henriette"},{"_id":"-NQA6d7EBdYOn7z-pUtc","bikeId":"S010863","bikeName":"Henriette","currency":"EUR","discountReason":null,"endTime":"2023-03-10T10:47:08Z","revenue":78,"revenue_currency":"EUR","startTime":"2023-03-10T10:43:43Z","trip_id":"-NQA6d7EBdYOn7z-pUtc","vehicleId":"S010863","vehicle_name":"Henriette"},{"_id":"-NQ9WjQBXd27sX04AQUf","bikeId":"S010863","bikeName":"Henriette","currency":"EUR","discountReason":null,"endTime":"2023-03-10T08:02:37Z","revenue":87,"revenue_currency":"EUR","startTime":"2023-03-10T07:58:08Z","trip_id":"-NQ9WjQBXd27sX04AQUf","vehicleId":"S010863","vehicle_name":"Henriette"},{"_id":"-NQ9PJJ0pPEZdGGdny_Q","bikeId":"S010863","bikeName":"Henriette","currency":"EUR","discountReason":"ponyMember","endTime":"2023-03-10T07:30:36Z","revenue":77,"revenue_currency":"EUR","startTime":"2023-03-10T07:25:41Z","trip_id":"-NQ9PJJ0pPEZdGGdny_Q","vehicleId":"S010863","vehicle_name":"Henriette"},{"_id":"-NQ7sF9UhAmfCCJj0o63","bikeId":"S003132","bikeName":"Ginette","currency":"EUR","discountReason":null,"endTime":"2023-03-10T00:28:34Z","revenue":250,"revenue_currency":"EUR","startTime":"2023-03-10T00:17:14Z","trip_id":"-NQ7sF9UhAmfCCJj0o63","vehicleId":"S003132","vehicle_name":"Ginette"},{"_id":"-NQ7p2F4OFsdke7d16Aw","bikeId":"S003132","bikeName":"Ginette","currency":"EUR","discountReason":null,"endTime":"2023-03-10T00:05:21Z","revenue":62,"revenue_currency":"EUR","startTime":"2023-03-10T00:03:15Z","trip_id":"-NQ7p2F4OFsdke7d16Aw","vehicleId":"S003132","vehicle_name":"Ginette"},{"_id":"-NQ7e3Z4wMecSPuZYSP1","bikeId":"S003132","bikeName":"Ginette","currency":"EUR","discountReason":null,"endTime":"2023-03-09T23:20:58Z","revenue":125,"revenue_currency":"EUR","startTime":"2023-03-09T23:15:17Z","trip_id":"-NQ7e3Z4wMecSPuZYSP1","vehicleId":"S003132","vehicle_name":"Ginette"},{"_id":"-NQ7II7cGOGVmPpnA_uh","bikeId":"S003132","bikeName":"Ginette","currency":"EUR","discountReason":null,"endTime":"2023-03-09T21:42:16Z","revenue":145,"revenue_currency":"EUR","startTime":"2023-03-09T21:35:47Z","trip_id":"-NQ7II7cGOGVmPpnA_uh","vehicleId":"S003132","vehicle_name":"Ginette"},{"_id":"-NQ75Pttug0N8EgI1pX3","bikeId":"S003132","bikeName":"Ginette","currency":"EUR","discountReason":null,"endTime":"2023-03-09T20:49:42Z","revenue":229,"revenue_currency":"EUR","startTime":"2023-03-09T20:39:31Z","trip_id":"-NQ75Pttug0N8EgI1pX3","vehicleId":"S003132","vehicle_name":"Ginette"},{"_id":"-NQ6j2g83kJfI-mRofFx","bikeId":"S010863","bikeName":"Henriette","currency":"EUR","discountReason":null,"endTime":"2023-03-09T19:07:03Z","revenue":133,"revenue_currency":"EUR","startTime":"2023-03-09T18:57:27Z","trip_id":"-NQ6j2g83kJfI-mRofFx","vehicleId":"S010863","vehicle_name":"Henriette"},{"_id":"-NQ6dTIxDMgyQTuHc_4M","bikeId":"S003132","bikeName":"Ginette","currency":"EUR","discountReason":null,"endTime":"2023-03-09T18:38:42Z","revenue":67,"revenue_currency":"EUR","startTime":"2023-03-09T18:33:03Z","trip_id":"-NQ6dTIxDMgyQTuHc_4M","vehicleId":"S003132","vehicle_name":"Ginette"},{"_id":"-NQ1o0S0het-eNihS4hk","bikeId":"S010863","bikeName":"Henriette","currency":"EUR","discountReason":null,"endTime":"2023-03-08T20:13:01Z","revenue":151,"revenue_currency":"EUR","startTime":"2023-03-08T20:01:02Z","trip_id":"-NQ1o0S0het-eNihS4hk","vehicleId":"S010863","vehicle_name":"Henriette"},{"_id":"-NQ1GJlfQvrFbl5RK0lp","bikeId":"S010863","bikeName":"Henriette","currency":"EUR","discountReason":null,"endTime":"2023-03-08T17:37:40Z","revenue":124,"revenue_currency":"EUR","startTime":"2023-03-08T17:29:26Z","trip_id":"-NQ1GJlfQvrFbl5RK0lp","vehicleId":"S010863","vehicle_name":"Henriette"},{"_id":"-NQ0fIljxy0-IgYEPYk2","bikeId":"S003132","bikeName":"Ginette","currency":"EUR","discountReason":null,"endTime":"2023-03-08T14:50:39Z","revenue":90,"revenue_currency":"EUR","startTime":"2023-03-08T14:43:21Z","trip_id":"-NQ0fIljxy0-IgYEPYk2","vehicleId":"S003132","vehicle_name":"Ginette"},{"_id":"-NQ0KnGg4lMDMsQilYk-","bikeId":"S003132","bikeName":"Ginette","currency":"EUR","discountReason":null,"endTime":"2023-03-08T13:20:32Z","revenue":135,"revenue_currency":"EUR","startTime":"2023-03-08T13:09:23Z","trip_id":"-NQ0KnGg4lMDMsQilYk-","vehicleId":"S003132","vehicle_name":"Ginette"},{"_id":"-NQ0GFbQv4SCIIhdWbJ9","bikeId":"S003132","bikeName":"Ginette","currency":"EUR","discountReason":null,"endTime":"2023-03-08T12:54:26Z","revenue":56,"revenue_currency":"EUR","startTime":"2023-03-08T12:49:32Z","trip_id":"-NQ0GFbQv4SCIIhdWbJ9","vehicleId":"S003132","vehicle_name":"Ginette"},{"_id":"-NPy7mvl3kGg5cifvYkg","bikeId":"S010863","bikeName":"Henriette","currency":"EUR","discountReason":"coupon","endTime":"2023-03-07T22:19:53Z","revenue":0,"revenue_currency":"EUR","startTime":"2023-03-07T22:13:42Z","trip_id":"-NPy7mvl3kGg5cifvYkg","vehicleId":"S010863","vehicle_name":"Henriette"},{"_id":"-NPy-ZMJU2qDpLzUfTC4","bikeId":"S010863","bikeName":"Henriette","currency":"EUR","discountReason":null,"endTime":"2023-03-07T21:41:04Z","revenue":78.33333333333334,"revenue_currency":"EUR","startTime":"2023-03-07T21:37:45Z","trip_id":"-NPy-ZMJU2qDpLzUfTC4","vehicleId":"S010863","vehicle_name":"Henriette"},{"_id":"-NPxeFGb2LZqRnttaXqB","bikeId":"S010863","bikeName":"Henriette","currency":"EUR","discountReason":"ponyMember","endTime":"2023-03-07T20:57:45Z","revenue":563.6666666666667,"revenue_currency":"EUR","startTime":"2023-03-07T20:00:15Z","trip_id":"-NPxeFGb2LZqRnttaXqB","vehicleId":"S010863","vehicle_name":"Henriette"},{"_id":"-NPxa2GFqLgZbBb8UvYp","bikeId":"S010863","bikeName":"Henriette","currency":"EUR","discountReason":null,"endTime":"2023-03-07T19:48:54Z","revenue":105.83333333333334,"revenue_currency":"EUR","startTime":"2023-03-07T19:41:54Z","trip_id":"-NPxa2GFqLgZbBb8UvYp","vehicleId":"S010863","vehicle_name":"Henriette"},{"_id":"-NPxXtLt9zZv9bZrMMwx","bikeId":"S010863","bikeName":"Henriette","currency":"EUR","discountReason":null,"endTime":"2023-03-07T19:35:36Z","revenue":115,"revenue_currency":"EUR","startTime":"2023-03-07T19:28:07Z","trip_id":"-NPxXtLt9zZv9bZrMMwx","vehicleId":"S010863","vehicle_name":"Henriette"},{"_id":"-NPxT8r9t48OLSXAsMzu","bikeId":"S010863","bikeName":"Henriette","currency":"EUR","discountReason":null,"endTime":"2023-03-07T19:18:10Z","revenue":142.5,"revenue_currency":"EUR","startTime":"2023-03-07T19:07:23Z","trip_id":"-NPxT8r9t48OLSXAsMzu","vehicleId":"S010863","vehicle_name":"Henriette"},{"_id":"-NPvZlDsRARTZg_r1RFB","bikeId":"S010863","bikeName":"Henriette","currency":"EUR","discountReason":null,"endTime":"2023-03-07T10:28:02Z","revenue":142.5,"revenue_currency":"EUR","startTime":"2023-03-07T10:17:03Z","trip_id":"-NPvZlDsRARTZg_r1RFB","vehicleId":"S010863","vehicle_name":"Henriette"},{"_id":"-NPvNKoyAkdx9IiKPQmh","bikeId":"S010863","bikeName":"Henriette","currency":"EUR","discountReason":"ponyMember","endTime":"2023-03-07T09:26:09Z","revenue":68.66666666666667,"revenue_currency":"EUR","startTime":"2023-03-07T09:22:45Z","trip_id":"-NPvNKoyAkdx9IiKPQmh","vehicleId":"S010863","vehicle_name":"Henriette"},{"_id":"-NPv5pY9UDenW0XVBwUa","bikeId":"S010863","bikeName":"Henriette","currency":"EUR","discountReason":null,"endTime":"2023-03-07T08:11:41Z","revenue":96.66666666666667,"revenue_currency":"EUR","startTime":"2023-03-07T08:06:16Z","trip_id":"-NPv5pY9UDenW0XVBwUa","vehicleId":"S010863","vehicle_name":"Henriette"},{"_id":"-NPrxM2Vl3bLEtK7Se7Y","bikeId":"S003132","bikeName":"Ginette","currency":"EUR","discountReason":null,"endTime":"2023-03-06T17:28:36Z","revenue":33.75,"revenue_currency":"EUR","startTime":"2023-03-06T17:26:01Z","trip_id":"-NPrxM2Vl3bLEtK7Se7Y","vehicleId":"S003132","vehicle_name":"Ginette"},{"_id":"-NPrhcqqABD390KL6JXi","bikeId":"S003132","bikeName":"Ginette","currency":"EUR","discountReason":null,"endTime":"2023-03-06T16:44:45Z","revenue":315,"revenue_currency":"EUR","startTime":"2023-03-06T16:17:19Z","trip_id":"-NPrhcqqABD390KL6JXi","vehicleId":"S003132","vehicle_name":"Ginette"},{"_id":"-NPreATs6J-VIICC-MVU","bikeId":"S003132","bikeName":"Ginette","currency":"EUR","discountReason":null,"endTime":"2023-03-06T16:07:34Z","revenue":67.5,"revenue_currency":"EUR","startTime":"2023-03-06T16:02:12Z","trip_id":"-NPreATs6J-VIICC-MVU","vehicleId":"S003132","vehicle_name":"Ginette"},{"_id":"-NPqxSwofBUWbjqxTyHu","bikeId":"S003132","bikeName":"Ginette","currency":"EUR","discountReason":null,"endTime":"2023-03-06T12:51:14Z","revenue":56.25,"revenue_currency":"EUR","startTime":"2023-03-06T12:46:52Z","trip_id":"-NPqxSwofBUWbjqxTyHu","vehicleId":"S003132","vehicle_name":"Ginette"},{"_id":"-NPqE3nskWXS9efS8T66","bikeId":"S010863","bikeName":"Henriette","currency":"EUR","discountReason":null,"endTime":"2023-03-06T09:32:23Z","revenue":124.16666666666667,"revenue_currency":"EUR","startTime":"2023-03-06T09:24:10Z","trip_id":"-NPqE3nskWXS9efS8T66","vehicleId":"S010863","vehicle_name":"Henriette"},{"_id":"-NPq-0Uk8Zc2j_Z-8CV7","bikeId":"S010863","bikeName":"Henriette","currency":"EUR","discountReason":null,"endTime":"2023-03-06T08:23:31Z","revenue":96.66666666666667,"revenue_currency":"EUR","startTime":"2023-03-06T08:18:24Z","trip_id":"-NPq-0Uk8Zc2j_Z-8CV7","vehicleId":"S010863","vehicle_name":"Henriette"},{"_id":"-NPpbBsWt7S50SL3e7nI","bikeId":"S010863","bikeName":"Henriette","currency":"EUR","discountReason":null,"endTime":"2023-03-06T06:34:07Z","revenue":87.5,"revenue_currency":"EUR","startTime":"2023-03-06T06:29:57Z","trip_id":"-NPpbBsWt7S50SL3e7nI","vehicleId":"S010863","vehicle_name":"Henriette"},{"_id":"-NPdxhO_b_l4xtb6ZqkD","bikeId":"S003132","bikeName":"Ginette","currency":"EUR","discountReason":"ponyMember","endTime":"2023-03-04T00:23:35Z","revenue":100,"revenue_currency":"EUR","startTime":"2023-03-04T00:12:51Z","trip_id":"-NPdxhO_b_l4xtb6ZqkD","vehicleId":"S003132","vehicle_name":"Ginette"},{"_id":"-NPcNR-xc_1fanltYvx5","bikeId":"S003132","bikeName":"Ginette","currency":"EUR","discountReason":null,"endTime":"2023-03-03T16:53:01Z","revenue":33.75,"revenue_currency":"EUR","startTime":"2023-03-03T16:50:23Z","trip_id":"-NPcNR-xc_1fanltYvx5","vehicleId":"S003132","vehicle_name":"Ginette"},{"_id":"-NPc7EaXaxXbd7dK8u8o","bikeId":"S003132","bikeName":"Ginette","currency":"EUR","discountReason":null,"endTime":"2023-03-03T15:43:37Z","revenue":45,"revenue_currency":"EUR","startTime":"2023-03-03T15:39:38Z","trip_id":"-NPc7EaXaxXbd7dK8u8o","vehicleId":"S003132","vehicle_name":"Ginette"},{"_id":"-NPbUaq6Vu7OG1xhFQeN","bikeId":"S003132","bikeName":"Ginette","currency":"EUR","discountReason":null,"endTime":"2023-03-03T12:47:02Z","revenue":56.25,"revenue_currency":"EUR","startTime":"2023-03-03T12:42:06Z","trip_id":"-NPbUaq6Vu7OG1xhFQeN","vehicleId":"S003132","vehicle_name":"Ginette"},{"_id":"-NPb88mQ_w2ebDKO7jG1","bikeId":"S003132","bikeName":"Ginette","currency":"EUR","discountReason":null,"endTime":"2023-03-03T11:10:38Z","revenue":78.75,"revenue_currency":"EUR","startTime":"2023-03-03T11:03:59Z","trip_id":"-NPb88mQ_w2ebDKO7jG1","vehicleId":"S003132","vehicle_name":"Ginette"},{"_id":"-NPb7o8YZ1X8Q90CTJuw","bikeId":"S010863","bikeName":"Henriette","currency":"EUR","discountReason":null,"endTime":"2023-03-03T11:17:05Z","revenue":179.16666666666669,"revenue_currency":"EUR","startTime":"2023-03-03T11:02:31Z","trip_id":"-NPb7o8YZ1X8Q90CTJuw","vehicleId":"S010863","vehicle_name":"Henriette"},{"_id":"-NPaM2pIRx1Fxri8hcjL","bikeId":"S003132","bikeName":"Ginette","currency":"EUR","discountReason":null,"endTime":"2023-03-03T07:27:00Z","revenue":22.5,"revenue_currency":"EUR","startTime":"2023-03-03T07:25:08Z","trip_id":"-NPaM2pIRx1Fxri8hcjL","vehicleId":"S003132","vehicle_name":"Ginette"},{"_id":"-NPZPqc16gIjCiFsi8cn","bikeId":"S003132","bikeName":"Ginette","currency":"EUR","discountReason":"ponyMember","endTime":"2023-03-02T22:33:05Z","revenue":100,"revenue_currency":"EUR","startTime":"2023-03-02T22:22:28Z","trip_id":"-NPZPqc16gIjCiFsi8cn","vehicleId":"S003132","vehicle_name":"Ginette"},{"_id":"-NPYpi2fK6c5UdjDz2mb","bikeId":"S003132","bikeName":"Ginette","currency":"EUR","discountReason":"ponyMember","endTime":"2023-03-02T19:51:38Z","revenue":100,"revenue_currency":"EUR","startTime":"2023-03-02T19:40:13Z","trip_id":"-NPYpi2fK6c5UdjDz2mb","vehicleId":"S003132","vehicle_name":"Ginette"},{"_id":"-NPYS_BBjik_QkWZlwHO","bikeId":"S003132","bikeName":"Ginette","currency":"EUR","discountReason":null,"endTime":"2023-03-02T17:58:24Z","revenue":45,"revenue_currency":"EUR","startTime":"2023-03-02T17:54:46Z","trip_id":"-NPYS_BBjik_QkWZlwHO","vehicleId":"S003132","vehicle_name":"Ginette"},{"_id":"-NPY58aSVm5ge4g8GBQy","bikeId":"S003132","bikeName":"Ginette","currency":"EUR","discountReason":null,"endTime":"2023-03-02T16:17:16Z","revenue":56.25,"revenue_currency":"EUR","startTime":"2023-03-02T16:12:23Z","trip_id":"-NPY58aSVm5ge4g8GBQy","vehicleId":"S003132","vehicle_name":"Ginette"},{"_id":"-NPXdOr5rSxvVi4BtdUF","bikeId":"S003132","bikeName":"Ginette","currency":"EUR","discountReason":null,"endTime":"2023-03-02T14:38:14Z","revenue":360,"revenue_currency":"EUR","startTime":"2023-03-02T14:06:48Z","trip_id":"-NPXdOr5rSxvVi4BtdUF","vehicleId":"S003132","vehicle_name":"Ginette"},{"_id":"-NPX7evezP8Qnyi_3EGe","bikeId":"S010863","bikeName":"Henriette","currency":"EUR","discountReason":null,"endTime":"2023-03-02T11:50:09Z","revenue":105.83333333333334,"revenue_currency":"EUR","startTime":"2023-03-02T11:43:47Z","trip_id":"-NPX7evezP8Qnyi_3EGe","vehicleId":"S010863","vehicle_name":"Henriette"},{"_id":"-NPX5wohcNnnusHTB1Dm","bikeId":"S010863","bikeName":"Henriette","currency":"EUR","discountReason":null,"endTime":"2023-03-02T11:42:43Z","revenue":105.83333333333334,"revenue_currency":"EUR","startTime":"2023-03-02T11:36:16Z","trip_id":"-NPX5wohcNnnusHTB1Dm","vehicleId":"S010863","vehicle_name":"Henriette"},{"_id":"-NPX1FGMWYJvjOdhC3S6","bikeId":"S010863","bikeName":"Henriette","currency":"EUR","discountReason":null,"endTime":"2023-03-02T11:19:00Z","revenue":78.33333333333334,"revenue_currency":"EUR","startTime":"2023-03-02T11:15:45Z","trip_id":"-NPX1FGMWYJvjOdhC3S6","vehicleId":"S010863","vehicle_name":"Henriette"},{"_id":"-NPWjoeeNJEajZwVOkaz","bikeId":"S010863","bikeName":"Henriette","currency":"EUR","discountReason":"ponyMember","endTime":"2023-03-02T09:58:50Z","revenue":68.66666666666667,"revenue_currency":"EUR","startTime":"2023-03-02T09:55:13Z","trip_id":"-NPWjoeeNJEajZwVOkaz","vehicleId":"S010863","vehicle_name":"Henriette"},{"_id":"-NPWDhIDrwICdw18mkdz","bikeId":"S003132","bikeName":"Ginette","currency":"EUR","discountReason":null,"endTime":"2023-03-02T07:36:08Z","revenue":67.5,"revenue_currency":"EUR","startTime":"2023-03-02T07:30:32Z","trip_id":"-NPWDhIDrwICdw18mkdz","vehicleId":"S003132","vehicle_name":"Ginette"},{"_id":"-NPW3asTaviegh-RF4PR","bikeId":"S003132","bikeName":"Ginette","currency":"EUR","discountReason":null,"endTime":"2023-03-02T06:48:24Z","revenue":22.5,"revenue_currency":"EUR","startTime":"2023-03-02T06:46:24Z","trip_id":"-NPW3asTaviegh-RF4PR","vehicleId":"S003132","vehicle_name":"Ginette"},{"_id":"-NPVkIxnYdStya0v-3Bz","bikeId":"S010863","bikeName":"Henriette","currency":"EUR","discountReason":null,"endTime":"2023-03-02T05:25:42Z","revenue":115,"revenue_currency":"EUR","startTime":"2023-03-02T05:17:44Z","trip_id":"-NPVkIxnYdStya0v-3Bz","vehicleId":"S010863","vehicle_name":"Henriette"},{"_id":"-NPVGuBf4R-FHH1-6fGj","bikeId":"S003132","bikeName":"Ginette","currency":"EUR","discountReason":null,"endTime":"2023-03-02T03:11:42Z","revenue":145.83333333333334,"revenue_currency":"EUR","startTime":"2023-03-02T03:04:54Z","trip_id":"-NPVGuBf4R-FHH1-6fGj","vehicleId":"S003132","vehicle_name":"Ginette"},{"_id":"-NPU1Oqbhu-IXE2K7J1T","bikeId":"S010863","bikeName":"Henriette","currency":"EUR","discountReason":null,"endTime":"2023-03-01T21:21:24Z","revenue":78.33333333333334,"revenue_currency":"EUR","startTime":"2023-03-01T21:17:32Z","trip_id":"-NPU1Oqbhu-IXE2K7J1T","vehicleId":"S010863","vehicle_name":"Henriette"},{"_id":"-NPTO4zPq-vz7CuEJt-V","bikeId":"S010863","bikeName":"Henriette","currency":"EUR","discountReason":null,"endTime":"2023-03-01T18:23:24Z","revenue":105.83333333333334,"revenue_currency":"EUR","startTime":"2023-03-01T18:17:03Z","trip_id":"-NPTO4zPq-vz7CuEJt-V","vehicleId":"S010863","vehicle_name":"Henriette"},{"_id":"-NPTHKbMyts4CQIdsAJI","bikeId":"S010863","bikeName":"Henriette","currency":"EUR","discountReason":null,"endTime":"2023-03-01T17:52:49Z","revenue":96.66666666666667,"revenue_currency":"EUR","startTime":"2023-03-01T17:47:32Z","trip_id":"-NPTHKbMyts4CQIdsAJI","vehicleId":"S010863","vehicle_name":"Henriette"},{"_id":"-NPT2Dm8AKZifulyldTt","bikeId":"S010863","bikeName":"Henriette","currency":"EUR","discountReason":null,"endTime":"2023-03-01T16:46:02Z","revenue":87.5,"revenue_currency":"EUR","startTime":"2023-03-01T16:41:32Z","trip_id":"-NPT2Dm8AKZifulyldTt","vehicleId":"S010863","vehicle_name":"Henriette"},{"_id":"-NPR_FOzgxQhZAe5XoK1","bikeId":"S010863","bikeName":"Henriette","currency":"EUR","discountReason":null,"endTime":"2023-03-01T10:01:41Z","revenue":142.5,"revenue_currency":"EUR","startTime":"2023-03-01T09:50:57Z","trip_id":"-NPR_FOzgxQhZAe5XoK1","vehicleId":"S010863","vehicle_name":"Henriette"},{"_id":"-NPRPN_PlIwW14RHJpvg","bikeId":"S010863","bikeName":"Henriette","currency":"EUR","discountReason":null,"endTime":"2023-03-01T09:10:47Z","revenue":115,"revenue_currency":"EUR","startTime":"2023-03-01T09:03:27Z","trip_id":"-NPRPN_PlIwW14RHJpvg","vehicleId":"S010863","vehicle_name":"Henriette"},{"_id":"-NPRBn6ra1dnviU1-947","bikeId":"S010863","bikeName":"Henriette","currency":"EUR","discountReason":null,"endTime":"2023-03-01T08:12:09Z","revenue":124.16666666666667,"revenue_currency":"EUR","startTime":"2023-03-01T08:04:06Z","trip_id":"-NPRBn6ra1dnviU1-947","vehicleId":"S010863","vehicle_name":"Henriette"},{"_id":"-NPOim1sebYgHJfP6v5h","bikeId":"S010863","bikeName":"Henriette","currency":"EUR","discountReason":null,"endTime":"2023-02-28T20:37:40Z","revenue":78.33333333333334,"revenue_currency":"EUR","startTime":"2023-02-28T20:33:43Z","trip_id":"-NPOim1sebYgHJfP6v5h","vehicleId":"S010863","vehicle_name":"Henriette"},{"_id":"-NPHVntgxgce2VCCBGYf","bikeId":"S010863","bikeName":"Henriette","currency":"EUR","discountReason":"ponyMember","endTime":"2023-02-27T10:59:35Z","revenue":77.83333333333334,"revenue_currency":"EUR","startTime":"2023-02-27T10:55:20Z","trip_id":"-NPHVntgxgce2VCCBGYf","vehicleId":"S010863","vehicle_name":"Henriette"},{"_id":"-NPDp8ETQ7-tY44opNMD","bikeId":"S010863","bikeName":"Henriette","currency":"EUR","discountReason":null,"endTime":"2023-02-26T17:56:25Z","revenue":142.5,"revenue_currency":"EUR","startTime":"2023-02-26T17:45:41Z","trip_id":"-NPDp8ETQ7-tY44opNMD","vehicleId":"S010863","vehicle_name":"Henriette"},{"_id":"-NPC7CG7DJFBIe93HiZN","bikeId":"S010863","bikeName":"Henriette","currency":"EUR","discountReason":null,"endTime":"2023-02-26T09:59:56Z","revenue":142.5,"revenue_currency":"EUR","startTime":"2023-02-26T09:49:44Z","trip_id":"-NPC7CG7DJFBIe93HiZN","vehicleId":"S010863","vehicle_name":"Henriette"},{"_id":"-NP28MuuughsZZsSHF5W","bikeId":"S010863","bikeName":"Henriette","currency":"EUR","discountReason":"ponyMember","endTime":"2023-02-24T11:22:09Z","revenue":68.66666666666667,"revenue_currency":"EUR","startTime":"2023-02-24T11:18:37Z","trip_id":"-NP28MuuughsZZsSHF5W","vehicleId":"S010863","vehicle_name":"Henriette"},{"_id":"-NP24uWYj3BISyw_sZ8R","bikeId":"S010863","bikeName":"Henriette","currency":"EUR","discountReason":"ponyMember","endTime":"2023-02-24T11:06:55Z","revenue":68.66666666666667,"revenue_currency":"EUR","startTime":"2023-02-24T11:03:31Z","trip_id":"-NP24uWYj3BISyw_sZ8R","vehicleId":"S010863","vehicle_name":"Henriette"},{"_id":"-NOxIP2BivJPG8f6iomA","bikeId":"S010863","bikeName":"Henriette","currency":"EUR","discountReason":"ponyMember","endTime":"2023-02-23T08:08:41Z","revenue":68.66666666666667,"revenue_currency":"EUR","startTime":"2023-02-23T08:04:44Z","trip_id":"-NOxIP2BivJPG8f6iomA","vehicleId":"S010863","vehicle_name":"Henriette"},{"_id":"-NOxBkrBWnw1j7ws5Mqy","bikeId":"S010863","bikeName":"Henriette","currency":"EUR","discountReason":null,"endTime":"2023-02-23T07:56:08Z","revenue":234.16666666666669,"revenue_currency":"EUR","startTime":"2023-02-23T07:35:43Z","trip_id":"-NOxBkrBWnw1j7ws5Mqy","vehicleId":"S010863","vehicle_name":"Henriette"},{"_id":"-NOwyxqCn6HeIL_XmucJ","bikeId":"S010863","bikeName":"Henriette","currency":"EUR","discountReason":null,"endTime":"2023-02-23T06:50:18Z","revenue":179.16666666666669,"revenue_currency":"EUR","startTime":"2023-02-23T06:35:26Z","trip_id":"-NOwyxqCn6HeIL_XmucJ","vehicleId":"S010863","vehicle_name":"Henriette"},{"_id":"-NOvOM9ajHmGQRycelY2","bikeId":"S010863","bikeName":"Henriette","currency":"EUR","discountReason":null,"endTime":"2023-02-22T23:20:54Z","revenue":133.33333333333334,"revenue_currency":"EUR","startTime":"2023-02-22T23:11:31Z","trip_id":"-NOvOM9ajHmGQRycelY2","vehicleId":"S010863","vehicle_name":"Henriette"},{"_id":"-NOuYx7YdQwURkzImbD6","bikeId":"S010863","bikeName":"Henriette","currency":"EUR","discountReason":null,"endTime":"2023-02-22T19:26:57Z","revenue":124.16666666666667,"revenue_currency":"EUR","startTime":"2023-02-22T19:18:11Z","trip_id":"-NOuYx7YdQwURkzImbD6","vehicleId":"S010863","vehicle_name":"Henriette"},{"_id":"-NOtzHjOBTQ6hmeGYmzY","bikeId":"S010863","bikeName":"Henriette","currency":"EUR","discountReason":null,"endTime":"2023-02-22T16:41:38Z","revenue":78.33333333333334,"revenue_currency":"EUR","startTime":"2023-02-22T16:38:00Z","trip_id":"-NOtzHjOBTQ6hmeGYmzY","vehicleId":"S010863","vehicle_name":"Henriette"},{"_id":"-NOqFlvCyOp_j8X5Px7V","bikeId":"S010863","bikeName":"Henriette","currency":"EUR","discountReason":null,"endTime":"2023-02-21T23:22:25Z","revenue":105.83333333333334,"revenue_currency":"EUR","startTime":"2023-02-21T23:15:55Z","trip_id":"-NOqFlvCyOp_j8X5Px7V","vehicleId":"S010863","vehicle_name":"Henriette"},{"_id":"-NOq0z1WaBzci91NCbUK","bikeId":"S010863","bikeName":"Henriette","currency":"EUR","discountReason":null,"endTime":"2023-02-21T22:15:39Z","revenue":87.5,"revenue_currency":"EUR","startTime":"2023-02-21T22:11:17Z","trip_id":"-NOq0z1WaBzci91NCbUK","vehicleId":"S010863","vehicle_name":"Henriette"},{"_id":"-NOos3nytPhgM38mvbSe","bikeId":"S010863","bikeName":"Henriette","currency":"EUR","discountReason":null,"endTime":"2023-02-21T16:54:48Z","revenue":105.83333333333334,"revenue_currency":"EUR","startTime":"2023-02-21T16:48:22Z","trip_id":"-NOos3nytPhgM38mvbSe","vehicleId":"S010863","vehicle_name":"Henriette"},{"_id":"-NOnYZvikMk2m-L3kALI","bikeId":"S010863","bikeName":"Henriette","currency":"EUR","discountReason":null,"endTime":"2023-02-21T10:43:52Z","revenue":87.5,"revenue_currency":"EUR","startTime":"2023-02-21T10:39:11Z","trip_id":"-NOnYZvikMk2m-L3kALI","vehicleId":"S010863","vehicle_name":"Henriette"},{"_id":"-NOkxaxlRxIkautop3k5","bikeId":"S010863","bikeName":"Henriette","currency":"EUR","discountReason":"ponyMember","endTime":"2023-02-20T22:39:52Z","revenue":87,"revenue_currency":"EUR","startTime":"2023-02-20T22:34:03Z","trip_id":"-NOkxaxlRxIkautop3k5","vehicleId":"S010863","vehicle_name":"Henriette"},{"_id":"-NOkYPFZ2YwLPoIg25pv","bikeId":"S010863","bikeName":"Henriette","currency":"EUR","discountReason":"ponyMember","endTime":"2023-02-20T20:44:25Z","revenue":77.83333333333334,"revenue_currency":"EUR","startTime":"2023-02-20T20:39:36Z","trip_id":"-NOkYPFZ2YwLPoIg25pv","vehicleId":"S010863","vehicle_name":"Henriette"},{"_id":"-NOj1O8kHdBaXYovJwga","bikeId":"S010863","bikeName":"Henriette","currency":"EUR","discountReason":null,"endTime":"2023-02-20T13:40:16Z","revenue":87.5,"revenue_currency":"EUR","startTime":"2023-02-20T13:35:43Z","trip_id":"-NOj1O8kHdBaXYovJwga","vehicleId":"S010863","vehicle_name":"Henriette"},{"_id":"-NOb6upUhMcEConGpsv0","bikeId":"S010863","bikeName":"Henriette","currency":"EUR","discountReason":null,"endTime":"2023-02-19T00:47:05Z","revenue":87.5,"revenue_currency":"EUR","startTime":"2023-02-19T00:42:54Z","trip_id":"-NOb6upUhMcEConGpsv0","vehicleId":"S010863","vehicle_name":"Henriette"},{"_id":"-NOabqqFGZE11zfZaE7U","bikeId":"S010863","bikeName":"Henriette","currency":"EUR","discountReason":null,"endTime":"2023-02-18T22:27:31Z","revenue":87.5,"revenue_currency":"EUR","startTime":"2023-02-18T22:22:49Z","trip_id":"-NOabqqFGZE11zfZaE7U","vehicleId":"S010863","vehicle_name":"Henriette"},{"_id":"-NOaaNQcJe0FF_KF15jS","bikeId":"S003132","bikeName":"Ginette","currency":"EUR","discountReason":null,"endTime":"2023-02-18T22:25:35Z","revenue":208.33333333333334,"revenue_currency":"EUR","startTime":"2023-02-18T22:16:22Z","trip_id":"-NOaaNQcJe0FF_KF15jS","vehicleId":"S003132","vehicle_name":"Ginette"},{"_id":"-NOaHwofuYhpDeHctJFn","bikeId":"S003132","bikeName":"Ginette","currency":"EUR","discountReason":null,"endTime":"2023-02-18T21:08:21Z","revenue":354.1666666666667,"revenue_currency":"EUR","startTime":"2023-02-18T20:51:29Z","trip_id":"-NOaHwofuYhpDeHctJFn","vehicleId":"S003132","vehicle_name":"Ginette"},{"_id":"-NOaBH0ev65h6mERkOU9","bikeId":"S003132","bikeName":"Ginette","currency":"EUR","discountReason":null,"endTime":"2023-02-18T20:47:19Z","revenue":520.8333333333334,"revenue_currency":"EUR","startTime":"2023-02-18T20:22:20Z","trip_id":"-NOaBH0ev65h6mERkOU9","vehicleId":"S003132","vehicle_name":"Ginette"},{"_id":"-NO_x2-MZip9Qmi9gYlH","bikeId":"S003132","bikeName":"Ginette","currency":"EUR","discountReason":null,"endTime":"2023-02-18T19:22:31Z","revenue":78.75,"revenue_currency":"EUR","startTime":"2023-02-18T19:15:47Z","trip_id":"-NO_x2-MZip9Qmi9gYlH","vehicleId":"S003132","vehicle_name":"Ginette"},{"_id":"-NO_jFbrLvJ66MDY1Iqa","bikeId":"S003132","bikeName":"Ginette","currency":"EUR","discountReason":null,"endTime":"2023-02-18T18:24:02Z","revenue":101.25,"revenue_currency":"EUR","startTime":"2023-02-18T18:15:33Z","trip_id":"-NO_jFbrLvJ66MDY1Iqa","vehicleId":"S003132","vehicle_name":"Ginette"},{"_id":"-NO_VybdeFKYnjsyq6LK","bikeId":"S010863","bikeName":"Henriette","currency":"EUR","discountReason":null,"endTime":"2023-02-18T17:24:16Z","revenue":151.66666666666669,"revenue_currency":"EUR","startTime":"2023-02-18T17:13:09Z","trip_id":"-NO_VybdeFKYnjsyq6LK","vehicleId":"S010863","vehicle_name":"Henriette"},{"_id":"-NO_Ul-Ebqdnzi26S3gH","bikeId":"S010863","bikeName":"Henriette","currency":"EUR","discountReason":null,"endTime":"2023-02-18T17:10:01Z","revenue":69.16666666666667,"revenue_currency":"EUR","startTime":"2023-02-18T17:07:51Z","trip_id":"-NO_Ul-Ebqdnzi26S3gH","vehicleId":"S010863","vehicle_name":"Henriette"},{"_id":"-NO_StXUvJvE_WiyooIq","bikeId":"S003132","bikeName":"Ginette","currency":"EUR","discountReason":null,"endTime":"2023-02-18T17:25:15Z","revenue":292.5,"revenue_currency":"EUR","startTime":"2023-02-18T16:59:42Z","trip_id":"-NO_StXUvJvE_WiyooIq","vehicleId":"S003132","vehicle_name":"Ginette"},{"_id":"-NO_RKGIZ5-n5uPulh94","bikeId":"S003132","bikeName":"Ginette","currency":"EUR","discountReason":null,"endTime":"2023-02-18T16:55:28Z","revenue":33.75,"revenue_currency":"EUR","startTime":"2023-02-18T16:52:51Z","trip_id":"-NO_RKGIZ5-n5uPulh94","vehicleId":"S003132","vehicle_name":"Ginette"},{"_id":"-NO_Os5NulQSmbypKszo","bikeId":"S003132","bikeName":"Ginette","currency":"EUR","discountReason":null,"endTime":"2023-02-18T16:49:51Z","revenue":90,"revenue_currency":"EUR","startTime":"2023-02-18T16:42:07Z","trip_id":"-NO_Os5NulQSmbypKszo","vehicleId":"S003132","vehicle_name":"Ginette"},{"_id":"-NO_ElTA4ajXffc2gwNu","bikeId":"S010863","bikeName":"Henriette","currency":"EUR","discountReason":"ponyMember","endTime":"2023-02-18T16:07:35Z","revenue":123.66666666666667,"revenue_currency":"EUR","startTime":"2023-02-18T15:57:58Z","trip_id":"-NO_ElTA4ajXffc2gwNu","vehicleId":"S010863","vehicle_name":"Henriette"},{"_id":"-NOZvNpBNRIVnRPOiu0u","bikeId":"S010863","bikeName":"Henriette","currency":"EUR","discountReason":null,"endTime":"2023-02-18T14:37:46Z","revenue":124.16666666666667,"revenue_currency":"EUR","startTime":"2023-02-18T14:28:55Z","trip_id":"-NOZvNpBNRIVnRPOiu0u","vehicleId":"S010863","vehicle_name":"Henriette"},{"_id":"-NOZWQIrlSFK8BcyRlvu","bikeId":"S003132","bikeName":"Ginette","currency":"EUR","discountReason":null,"endTime":"2023-02-18T12:44:38Z","revenue":112.5,"revenue_currency":"EUR","startTime":"2023-02-18T12:35:29Z","trip_id":"-NOZWQIrlSFK8BcyRlvu","vehicleId":"S003132","vehicle_name":"Ginette"},{"_id":"-NOYZRajFbhXB4400Or7","bikeId":"S010863","bikeName":"Henriette","currency":"EUR","discountReason":null,"endTime":"2023-02-18T08:14:17Z","revenue":96.66666666666667,"revenue_currency":"EUR","startTime":"2023-02-18T08:09:04Z","trip_id":"-NOYZRajFbhXB4400Or7","vehicleId":"S010863","vehicle_name":"Henriette"},{"_id":"-NOWuNQnaiplF5vMjhTW","bikeId":"S010863","bikeName":"Henriette","currency":"EUR","discountReason":null,"endTime":"2023-02-18T00:36:01Z","revenue":142.5,"revenue_currency":"EUR","startTime":"2023-02-18T00:25:39Z","trip_id":"-NOWuNQnaiplF5vMjhTW","vehicleId":"S010863","vehicle_name":"Henriette"},{"_id":"-NOWHP7SiY8YdEnpTkvq","bikeId":"S010863","bikeName":"Henriette","currency":"EUR","discountReason":null,"endTime":"2023-02-17T21:40:02Z","revenue":133.33333333333334,"revenue_currency":"EUR","startTime":"2023-02-17T21:31:00Z","trip_id":"-NOWHP7SiY8YdEnpTkvq","vehicleId":"S010863","vehicle_name":"Henriette"},{"_id":"-NOVuXvYtwJBUenEsrxv","bikeId":"S003132","bikeName":"Ginette","currency":"EUR","discountReason":"ponyMember","endTime":"2023-02-17T20:03:20Z","revenue":100,"revenue_currency":"EUR","startTime":"2023-02-17T19:46:45Z","trip_id":"-NOVuXvYtwJBUenEsrxv","vehicleId":"S003132","vehicle_name":"Ginette"},{"_id":"-NOVo_3GvxEJ15_6Vzpn","bikeId":"S003132","bikeName":"Ginette","currency":"EUR","discountReason":"ponyMember","endTime":"2023-02-17T19:29:39Z","revenue":100,"revenue_currency":"EUR","startTime":"2023-02-17T19:20:41Z","trip_id":"-NOVo_3GvxEJ15_6Vzpn","vehicleId":"S003132","vehicle_name":"Ginette"},{"_id":"-NOVniCiqXeiB_C9_ZhK","bikeId":"S010863","bikeName":"Henriette","currency":"EUR","discountReason":null,"endTime":"2023-02-17T19:19:57Z","revenue":69.16666666666667,"revenue_currency":"EUR","startTime":"2023-02-17T19:16:56Z","trip_id":"-NOVniCiqXeiB_C9_ZhK","vehicleId":"S010863","vehicle_name":"Henriette"},{"_id":"-NOVk168aUBhBLMvunN-","bikeId":"S010863","bikeName":"Henriette","currency":"EUR","discountReason":null,"endTime":"2023-02-17T19:02:37Z","revenue":60,"revenue_currency":"EUR","startTime":"2023-02-17T19:00:49Z","trip_id":"-NOVk168aUBhBLMvunN-","vehicleId":"S010863","vehicle_name":"Henriette"},{"_id":"-NOVN9WCPUpad6Oim786","bikeId":"S010863","bikeName":"Henriette","currency":"EUR","discountReason":"ponyMember","endTime":"2023-02-17T17:33:47Z","revenue":197,"revenue_currency":"EUR","startTime":"2023-02-17T17:16:32Z","trip_id":"-NOVN9WCPUpad6Oim786","vehicleId":"S010863","vehicle_name":"Henriette"},{"_id":"-NOU4hWRM8Slpiffk-jF","bikeId":"S010863","bikeName":"Henriette","currency":"EUR","discountReason":null,"endTime":"2023-02-17T11:20:56Z","revenue":87.5,"revenue_currency":"EUR","startTime":"2023-02-17T11:16:18Z","trip_id":"-NOU4hWRM8Slpiffk-jF","vehicleId":"S010863","vehicle_name":"Henriette"},{"_id":"-NOU10zOnc5aRYb9wE4N","bikeId":"S010863","bikeName":"Henriette","currency":"EUR","discountReason":null,"endTime":"2023-02-17T11:07:26Z","revenue":115,"revenue_currency":"EUR","startTime":"2023-02-17T11:00:13Z","trip_id":"-NOU10zOnc5aRYb9wE4N","vehicleId":"S010863","vehicle_name":"Henriette"},{"_id":"-NOT69i2LtCzZ6bHqAoS","bikeId":"S010863","bikeName":"Henriette","currency":"EUR","discountReason":null,"endTime":"2023-02-17T07:12:33Z","revenue":316.6666666666667,"revenue_currency":"EUR","startTime":"2023-02-17T06:43:02Z","trip_id":"-NOT69i2LtCzZ6bHqAoS","vehicleId":"S010863","vehicle_name":"Henriette"},{"_id":"-NOT0xAmFDCvScMEy8hK","bikeId":"S003132","bikeName":"Ginette","currency":"EUR","discountReason":"ponyMember","endTime":"2023-02-17T06:35:52Z","revenue":100,"revenue_currency":"EUR","startTime":"2023-02-17T06:20:16Z","trip_id":"-NOT0xAmFDCvScMEy8hK","vehicleId":"S003132","vehicle_name":"Ginette"},{"_id":"-NOQiQHvhJxtRu9C18ZO","bikeId":"S003132","bikeName":"Ginette","currency":"EUR","discountReason":"ponyMember","endTime":"2023-02-16T19:49:44Z","revenue":100,"revenue_currency":"EUR","startTime":"2023-02-16T19:35:42Z","trip_id":"-NOQiQHvhJxtRu9C18ZO","vehicleId":"S003132","vehicle_name":"Ginette"},{"_id":"-NOQH0gBzfMwaF9jV5JG","bikeId":"S010863","bikeName":"Henriette","currency":"EUR","discountReason":null,"endTime":"2023-02-16T17:37:20Z","revenue":96.66666666666667,"revenue_currency":"EUR","startTime":"2023-02-16T17:31:37Z","trip_id":"-NOQH0gBzfMwaF9jV5JG","vehicleId":"S010863","vehicle_name":"Henriette"},{"_id":"-NOPvValUT5mVCNu-oye","bikeId":"S003132","bikeName":"Ginette","currency":"EUR","discountReason":null,"endTime":"2023-02-16T16:05:41Z","revenue":146.25,"revenue_currency":"EUR","startTime":"2023-02-16T15:53:14Z","trip_id":"-NOPvValUT5mVCNu-oye","vehicleId":"S003132","vehicle_name":"Ginette"},{"_id":"-NOPtozBjA14OsQEEgz5","bikeId":"S003132","bikeName":"Ginette","currency":"EUR","discountReason":null,"endTime":"2023-02-16T15:47:20Z","revenue":22.5,"revenue_currency":"EUR","startTime":"2023-02-16T15:45:54Z","trip_id":"-NOPtozBjA14OsQEEgz5","vehicleId":"S003132","vehicle_name":"Ginette"},{"_id":"-NOPhk_Gb5QpQw7MrEoy","bikeId":"S003132","bikeName":"Ginette","currency":"EUR","discountReason":null,"endTime":"2023-02-16T15:00:22Z","revenue":90,"revenue_currency":"EUR","startTime":"2023-02-16T14:53:10Z","trip_id":"-NOPhk_Gb5QpQw7MrEoy","vehicleId":"S003132","vehicle_name":"Ginette"},{"_id":"-NONZ6hK6fgEMlt4Alur","bikeId":"S003132","bikeName":"Ginette","currency":"EUR","discountReason":null,"endTime":"2023-02-16T05:00:30Z","revenue":101.25,"revenue_currency":"EUR","startTime":"2023-02-16T04:51:49Z","trip_id":"-NONZ6hK6fgEMlt4Alur","vehicleId":"S003132","vehicle_name":"Ginette"},{"_id":"-NON-dlHK0XAr2HdFDXH","bikeId":"S003132","bikeName":"Ginette","currency":"EUR","discountReason":null,"endTime":"2023-02-16T02:22:20Z","revenue":125,"revenue_currency":"EUR","startTime":"2023-02-16T02:16:51Z","trip_id":"-NON-dlHK0XAr2HdFDXH","vehicleId":"S003132","vehicle_name":"Ginette"},{"_id":"-NOMktPQMkImDDUVJ9kl","bikeId":"S003132","bikeName":"Ginette","currency":"EUR","discountReason":null,"endTime":"2023-02-16T01:14:13Z","revenue":145.83333333333334,"revenue_currency":"EUR","startTime":"2023-02-16T01:08:01Z","trip_id":"-NOMktPQMkImDDUVJ9kl","vehicleId":"S003132","vehicle_name":"Ginette"},{"_id":"-NOLa7qhJRDAF7pOGfeU","bikeId":"S003132","bikeName":"Ginette","currency":"EUR","discountReason":null,"endTime":"2023-02-15T19:49:37Z","revenue":101.25,"revenue_currency":"EUR","startTime":"2023-02-15T19:41:23Z","trip_id":"-NOLa7qhJRDAF7pOGfeU","vehicleId":"S003132","vehicle_name":"Ginette"},{"_id":"-NOLGtgA_L9w6Ofxm80w","bikeId":"S003132","bikeName":"Ginette","currency":"EUR","discountReason":null,"endTime":"2023-02-15T18:21:05Z","revenue":101.25,"revenue_currency":"EUR","startTime":"2023-02-15T18:12:58Z","trip_id":"-NOLGtgA_L9w6Ofxm80w","vehicleId":"S003132","vehicle_name":"Ginette"},{"_id":"-NOKlsoxIJLdWswx0eU5","bikeId":"S003132","bikeName":"Ginette","currency":"EUR","discountReason":null,"endTime":"2023-02-15T17:11:33Z","revenue":888.75,"revenue_currency":"EUR","startTime":"2023-02-15T15:53:06Z","trip_id":"-NOKlsoxIJLdWswx0eU5","vehicleId":"S003132","vehicle_name":"Ginette"},{"_id":"-NOKHOKOAzX1v04-cTQd","bikeId":"S003132","bikeName":"Ginette","currency":"EUR","discountReason":null,"endTime":"2023-02-15T13:44:03Z","revenue":101.25,"revenue_currency":"EUR","startTime":"2023-02-15T13:35:31Z","trip_id":"-NOKHOKOAzX1v04-cTQd","vehicleId":"S003132","vehicle_name":"Ginette"},{"_id":"-NOKBCKsgYlf1bGx5MPE","bikeId":"S010863","bikeName":"Henriette","currency":"EUR","discountReason":null,"endTime":"2023-02-15T13:19:53Z","revenue":151.66666666666669,"revenue_currency":"EUR","startTime":"2023-02-15T13:08:29Z","trip_id":"-NOKBCKsgYlf1bGx5MPE","vehicleId":"S010863","vehicle_name":"Henriette"},{"_id":"-NOK92lvIIQuCZH8S1sx","bikeId":"S010863","bikeName":"Henriette","currency":"EUR","discountReason":null,"endTime":"2023-02-15T13:03:06Z","revenue":78.33333333333334,"revenue_currency":"EUR","startTime":"2023-02-15T12:59:05Z","trip_id":"-NOK92lvIIQuCZH8S1sx","vehicleId":"S010863","vehicle_name":"Henriette"},{"_id":"-NOK2CtPlkGwuaUzEo2l","bikeId":"S010863","bikeName":"Henriette","currency":"EUR","discountReason":null,"endTime":"2023-02-15T12:42:12Z","revenue":160.83333333333334,"revenue_currency":"EUR","startTime":"2023-02-15T12:29:12Z","trip_id":"-NOK2CtPlkGwuaUzEo2l","vehicleId":"S010863","vehicle_name":"Henriette"},{"_id":"-NOJ1xJzq5g-GNU-Ylbi","bikeId":"S010863","bikeName":"Henriette","currency":"EUR","discountReason":null,"endTime":"2023-02-15T07:55:54Z","revenue":115,"revenue_currency":"EUR","startTime":"2023-02-15T07:48:27Z","trip_id":"-NOJ1xJzq5g-GNU-Ylbi","vehicleId":"S010863","vehicle_name":"Henriette"},{"_id":"-NOIQphHLaGDhVSTWIcF","bikeId":"S010863","bikeName":"Henriette","currency":"EUR","discountReason":null,"endTime":"2023-02-15T05:11:18Z","revenue":170,"revenue_currency":"EUR","startTime":"2023-02-15T04:57:32Z","trip_id":"-NOIQphHLaGDhVSTWIcF","vehicleId":"S010863","vehicle_name":"Henriette"},{"_id":"-NOHHda9_bpwP7asLQ8q","bikeId":"S010863","bikeName":"Henriette","currency":"EUR","discountReason":null,"endTime":"2023-02-14T23:44:41Z","revenue":105.83333333333334,"revenue_currency":"EUR","startTime":"2023-02-14T23:37:46Z","trip_id":"-NOHHda9_bpwP7asLQ8q","vehicleId":"S010863","vehicle_name":"Henriette"},{"_id":"-NOFYgK00AzpSnTZQbop","bikeId":"S010863","bikeName":"Henriette","currency":"EUR","discountReason":null,"endTime":"2023-02-14T15:37:12Z","revenue":87.5,"revenue_currency":"EUR","startTime":"2023-02-14T15:32:59Z","trip_id":"-NOFYgK00AzpSnTZQbop","vehicleId":"S010863","vehicle_name":"Henriette"},{"_id":"-NOEEtM8alDB8VrT04NA","bikeId":"S010863","bikeName":"Henriette","currency":"EUR","discountReason":null,"endTime":"2023-02-14T09:31:31Z","revenue":87.5,"revenue_currency":"EUR","startTime":"2023-02-14T09:26:52Z","trip_id":"-NOEEtM8alDB8VrT04NA","vehicleId":"S010863","vehicle_name":"Henriette"},{"_id":"-NOAyBADp65IwwJLcnwL","bikeId":"S010863","bikeName":"Henriette","currency":"EUR","discountReason":"ponyMember","endTime":"2023-02-13T18:14:19Z","revenue":68.66666666666667,"revenue_currency":"EUR","startTime":"2023-02-13T18:10:39Z","trip_id":"-NOAyBADp65IwwJLcnwL","vehicleId":"S010863","vehicle_name":"Henriette"},{"_id":"-NOAuGrQQBhFt8E76d5o","bikeId":"S010863","bikeName":"Henriette","currency":"EUR","discountReason":"ponyMember","endTime":"2023-02-13T18:00:10Z","revenue":96.16666666666667,"revenue_currency":"EUR","startTime":"2023-02-13T17:53:34Z","trip_id":"-NOAuGrQQBhFt8E76d5o","vehicleId":"S010863","vehicle_name":"Henriette"},{"_id":"-NOAgFfrxTLhtCTAkUWo","bikeId":"S010863","bikeName":"Henriette","currency":"EUR","discountReason":null,"endTime":"2023-02-13T17:02:16Z","revenue":133.33333333333334,"revenue_currency":"EUR","startTime":"2023-02-13T16:52:19Z","trip_id":"-NOAgFfrxTLhtCTAkUWo","vehicleId":"S010863","vehicle_name":"Henriette"},{"_id":"-NO3zdIZS_39CYEP2hDI","bikeId":"S010863","bikeName":"Henriette","currency":"EUR","discountReason":null,"endTime":"2023-02-12T09:54:31Z","revenue":179.16666666666669,"revenue_currency":"EUR","startTime":"2023-02-12T09:39:40Z","trip_id":"-NO3zdIZS_39CYEP2hDI","vehicleId":"S010863","vehicle_name":"Henriette"},{"_id":"-NO27daSk6r7uhP6B2mK","bikeId":"S003132","bikeName":"Ginette","currency":"EUR","discountReason":null,"endTime":"2023-02-12T01:05:11Z","revenue":125,"revenue_currency":"EUR","startTime":"2023-02-12T00:59:46Z","trip_id":"-NO27daSk6r7uhP6B2mK","vehicleId":"S003132","vehicle_name":"Ginette"},{"_id":"-NO1q6EkQqJEMCPkykUO","bikeId":"S010863","bikeName":"Henriette","currency":"EUR","discountReason":null,"endTime":"2023-02-11T23:48:04Z","revenue":133.33333333333334,"revenue_currency":"EUR","startTime":"2023-02-11T23:38:47Z","trip_id":"-NO1q6EkQqJEMCPkykUO","vehicleId":"S010863","vehicle_name":"Henriette"},{"_id":"-NO1fr3pVZEmcoFmrMLj","bikeId":"S010863","bikeName":"Henriette","currency":"EUR","discountReason":null,"endTime":"2023-02-11T23:14:28Z","revenue":234.16666666666669,"revenue_currency":"EUR","startTime":"2023-02-11T22:53:59Z","trip_id":"-NO1fr3pVZEmcoFmrMLj","vehicleId":"S010863","vehicle_name":"Henriette"},{"_id":"-NNzJCWuEuHk_mvBXh_w","bikeId":"S003132","bikeName":"Ginette","currency":"EUR","discountReason":null,"endTime":"2023-02-11T07:18:48Z","revenue":78.75,"revenue_currency":"EUR","startTime":"2023-02-11T07:11:48Z","trip_id":"-NNzJCWuEuHk_mvBXh_w","vehicleId":"S003132","vehicle_name":"Ginette"},{"_id":"-NNywCJFN0BATg-1AmKy","bikeId":"S003132","bikeName":"Ginette","currency":"EUR","discountReason":null,"endTime":"2023-02-11T05:45:27Z","revenue":213.75,"revenue_currency":"EUR","startTime":"2023-02-11T05:26:55Z","trip_id":"-NNywCJFN0BATg-1AmKy","vehicleId":"S003132","vehicle_name":"Ginette"},{"_id":"-NNynD7uHNTdd9BB7_Nd","bikeId":"S003132","bikeName":"Ginette","currency":"EUR","discountReason":null,"endTime":"2023-02-11T04:55:56Z","revenue":101.25,"revenue_currency":"EUR","startTime":"2023-02-11T04:47:40Z","trip_id":"-NNynD7uHNTdd9BB7_Nd","vehicleId":"S003132","vehicle_name":"Ginette"},{"_id":"-NNyiBf2jA5aMumQ17b5","bikeId":"S003132","bikeName":"Ginette","currency":"EUR","discountReason":null,"endTime":"2023-02-11T04:30:10Z","revenue":56.25,"revenue_currency":"EUR","startTime":"2023-02-11T04:25:43Z","trip_id":"-NNyiBf2jA5aMumQ17b5","vehicleId":"S003132","vehicle_name":"Ginette"},{"_id":"-NNxqCI4-ggi_7WrXoaZ","bikeId":"S010863","bikeName":"Henriette","currency":"EUR","discountReason":null,"endTime":"2023-02-11T00:46:10Z","revenue":280,"revenue_currency":"EUR","startTime":"2023-02-11T00:21:05Z","trip_id":"-NNxqCI4-ggi_7WrXoaZ","vehicleId":"S010863","vehicle_name":"Henriette"},{"_id":"-NNvtf52A3wzvwkE9L9W","bikeId":"S003132","bikeName":"Ginette","currency":"EUR","discountReason":null,"endTime":"2023-02-10T15:21:29Z","revenue":56.25,"revenue_currency":"EUR","startTime":"2023-02-10T15:16:59Z","trip_id":"-NNvtf52A3wzvwkE9L9W","vehicleId":"S003132","vehicle_name":"Ginette"},{"_id":"-NNvamskdm5y9wIzjznF","bikeId":"S003132","bikeName":"Ginette","currency":"EUR","discountReason":null,"endTime":"2023-02-10T13:58:08Z","revenue":45,"revenue_currency":"EUR","startTime":"2023-02-10T13:54:31Z","trip_id":"-NNvamskdm5y9wIzjznF","vehicleId":"S003132","vehicle_name":"Ginette"},{"_id":"-NNv4UOKY_nHln-gARWS","bikeId":"S010863","bikeName":"Henriette","currency":"EUR","discountReason":null,"endTime":"2023-02-10T11:40:33Z","revenue":151.66666666666669,"revenue_currency":"EUR","startTime":"2023-02-10T11:29:00Z","trip_id":"-NNv4UOKY_nHln-gARWS","vehicleId":"S010863","vehicle_name":"Henriette"},{"_id":"-NNulIYdAC9fxW7DDipx","bikeId":"S003132","bikeName":"Ginette","currency":"EUR","discountReason":null,"endTime":"2023-02-10T10:05:31Z","revenue":56.25,"revenue_currency":"EUR","startTime":"2023-02-10T10:00:49Z","trip_id":"-NNulIYdAC9fxW7DDipx","vehicleId":"S003132","vehicle_name":"Ginette"},{"_id":"-NNuXVCeBBqAnMV6pSSm","bikeId":"S010863","bikeName":"Henriette","currency":"EUR","discountReason":null,"endTime":"2023-02-10T09:08:29Z","revenue":160.83333333333334,"revenue_currency":"EUR","startTime":"2023-02-10T08:56:08Z","trip_id":"-NNuXVCeBBqAnMV6pSSm","vehicleId":"S010863","vehicle_name":"Henriette"},{"_id":"-NNuKdT1nQzq5PeevB0I","bikeId":"S010863","bikeName":"Henriette","currency":"EUR","discountReason":null,"endTime":"2023-02-10T08:02:14Z","revenue":69.16666666666667,"revenue_currency":"EUR","startTime":"2023-02-10T07:59:58Z","trip_id":"-NNuKdT1nQzq5PeevB0I","vehicleId":"S010863","vehicle_name":"Henriette"},{"_id":"-NNuILPdf3KR-Nbn0Dbx","bikeId":"S010863","bikeName":"Henriette","currency":"EUR","discountReason":"ponyMember","endTime":"2023-02-10T07:58:04Z","revenue":114.5,"revenue_currency":"EUR","startTime":"2023-02-10T07:49:56Z","trip_id":"-NNuILPdf3KR-Nbn0Dbx","vehicleId":"S010863","vehicle_name":"Henriette"},{"_id":"-NNuFrbZC56zndILBAPk","bikeId":"S003132","bikeName":"Ginette","currency":"EUR","discountReason":null,"endTime":"2023-02-10T07:44:19Z","revenue":67.5,"revenue_currency":"EUR","startTime":"2023-02-10T07:39:05Z","trip_id":"-NNuFrbZC56zndILBAPk","vehicleId":"S003132","vehicle_name":"Ginette"},{"_id":"-NNu83W03MFwGRSWtv8b","bikeId":"S010863","bikeName":"Henriette","currency":"EUR","discountReason":"ponyMember","endTime":"2023-02-10T07:09:44Z","revenue":77.83333333333334,"revenue_currency":"EUR","startTime":"2023-02-10T07:05:01Z","trip_id":"-NNu83W03MFwGRSWtv8b","vehicleId":"S010863","vehicle_name":"Henriette"},{"_id":"-NNsDJ7lwPuCHnI4nELT","bikeId":"S010863","bikeName":"Henriette","currency":"EUR","discountReason":null,"endTime":"2023-02-09T22:23:03Z","revenue":179.16666666666669,"revenue_currency":"EUR","startTime":"2023-02-09T22:08:41Z","trip_id":"-NNsDJ7lwPuCHnI4nELT","vehicleId":"S010863","vehicle_name":"Henriette"},{"_id":"-NNs1UJbDvxr0BDR2oU3","bikeId":"S010863","bikeName":"Henriette","currency":"EUR","discountReason":null,"endTime":"2023-02-09T21:22:54Z","revenue":96.66666666666667,"revenue_currency":"EUR","startTime":"2023-02-09T21:17:02Z","trip_id":"-NNs1UJbDvxr0BDR2oU3","vehicleId":"S010863","vehicle_name":"Henriette"},{"_id":"-NNrxinJr04w6X2vVHQL","bikeId":"S010863","bikeName":"Henriette","currency":"EUR","discountReason":null,"endTime":"2023-02-09T21:01:12Z","revenue":87.5,"revenue_currency":"EUR","startTime":"2023-02-09T20:56:14Z","trip_id":"-NNrxinJr04w6X2vVHQL","vehicleId":"S010863","vehicle_name":"Henriette"},{"_id":"-NNrw-WzYtVgpPNMdPYR","bikeId":"S003132","bikeName":"Ginette","currency":"EUR","discountReason":"ponyMember","endTime":"2023-02-09T21:00:36Z","revenue":100,"revenue_currency":"EUR","startTime":"2023-02-09T20:48:43Z","trip_id":"-NNrw-WzYtVgpPNMdPYR","vehicleId":"S003132","vehicle_name":"Ginette"},{"_id":"-NNrndcNcnIR8O48OgsU","bikeId":"S003132","bikeName":"Ginette","currency":"EUR","discountReason":null,"endTime":"2023-02-09T20:16:25Z","revenue":104.16666666666667,"revenue_currency":"EUR","startTime":"2023-02-09T20:12:12Z","trip_id":"-NNrndcNcnIR8O48OgsU","vehicleId":"S003132","vehicle_name":"Ginette"},{"_id":"-NNrlwa0aXHtxw6vGwKN","bikeId":"S003132","bikeName":"Ginette","currency":"EUR","discountReason":null,"endTime":"2023-02-09T20:09:07Z","revenue":104.16666666666667,"revenue_currency":"EUR","startTime":"2023-02-09T20:04:45Z","trip_id":"-NNrlwa0aXHtxw6vGwKN","vehicleId":"S003132","vehicle_name":"Ginette"},{"_id":"-NNrE_7ngSQxSnE6fcXE","bikeId":"S003132","bikeName":"Ginette","currency":"EUR","discountReason":null,"endTime":"2023-02-09T17:38:12Z","revenue":45,"revenue_currency":"EUR","startTime":"2023-02-09T17:34:36Z","trip_id":"-NNrE_7ngSQxSnE6fcXE","vehicleId":"S003132","vehicle_name":"Ginette"},{"_id":"-NNr7Nbfq8zEapLjeI8f","bikeId":"S003132","bikeName":"Ginette","currency":"EUR","discountReason":null,"endTime":"2023-02-09T17:07:31Z","revenue":56.25,"revenue_currency":"EUR","startTime":"2023-02-09T17:03:10Z","trip_id":"-NNr7Nbfq8zEapLjeI8f","vehicleId":"S003132","vehicle_name":"Ginette"},{"_id":"-NNqN4RMowSdDzaRQ8wD","bikeId":"S003132","bikeName":"Ginette","currency":"EUR","discountReason":null,"endTime":"2023-02-09T13:45:39Z","revenue":157.5,"revenue_currency":"EUR","startTime":"2023-02-09T13:32:08Z","trip_id":"-NNqN4RMowSdDzaRQ8wD","vehicleId":"S003132","vehicle_name":"Ginette"},{"_id":"-NNqIyai9Z4JZfA_Iz5J","bikeId":"S003132","bikeName":"Ginette","currency":"EUR","discountReason":null,"endTime":"2023-02-09T13:17:49Z","revenue":45,"revenue_currency":"EUR","startTime":"2023-02-09T13:14:12Z","trip_id":"-NNqIyai9Z4JZfA_Iz5J","vehicleId":"S003132","vehicle_name":"Ginette"},{"_id":"-NNqCAZTwmyyyVc1KtxC","bikeId":"S003132","bikeName":"Ginette","currency":"EUR","discountReason":null,"endTime":"2023-02-09T12:47:33Z","revenue":45,"revenue_currency":"EUR","startTime":"2023-02-09T12:44:30Z","trip_id":"-NNqCAZTwmyyyVc1KtxC","vehicleId":"S003132","vehicle_name":"Ginette"},{"_id":"-NNq6d_mRrl38NPMrIGZ","bikeId":"S003132","bikeName":"Ginette","currency":"EUR","discountReason":null,"endTime":"2023-02-09T12:28:23Z","revenue":101.25,"revenue_currency":"EUR","startTime":"2023-02-09T12:20:20Z","trip_id":"-NNq6d_mRrl38NPMrIGZ","vehicleId":"S003132","vehicle_name":"Ginette"},{"_id":"-NNq0RlGK__h_Pd7y1ol","bikeId":"S003132","bikeName":"Ginette","currency":"EUR","discountReason":null,"endTime":"2023-02-09T11:55:51Z","revenue":33.75,"revenue_currency":"EUR","startTime":"2023-02-09T11:53:15Z","trip_id":"-NNq0RlGK__h_Pd7y1ol","vehicleId":"S003132","vehicle_name":"Ginette"},{"_id":"-NNplpWOVdEqC1cBQHps","bikeId":"S003132","bikeName":"Ginette","currency":"EUR","discountReason":"ponyMember","endTime":"2023-02-09T10:56:24Z","revenue":100,"revenue_currency":"EUR","startTime":"2023-02-09T10:45:02Z","trip_id":"-NNplpWOVdEqC1cBQHps","vehicleId":"S003132","vehicle_name":"Ginette"},{"_id":"-NNpC3IF_VYuije1fAJs","bikeId":"S003132","bikeName":"Ginette","currency":"EUR","discountReason":null,"endTime":"2023-02-09T08:14:32Z","revenue":123.75,"revenue_currency":"EUR","startTime":"2023-02-09T08:04:23Z","trip_id":"-NNpC3IF_VYuije1fAJs","vehicleId":"S003132","vehicle_name":"Ginette"},{"_id":"-NNnOPR7hmkmIj0kecv7","bikeId":"S010863","bikeName":"Henriette","currency":"EUR","discountReason":null,"endTime":"2023-02-08T23:48:16Z","revenue":133.33333333333334,"revenue_currency":"EUR","startTime":"2023-02-08T23:39:05Z","trip_id":"-NNnOPR7hmkmIj0kecv7","vehicleId":"S010863","vehicle_name":"Henriette"},{"_id":"-NNnJvR-ZBaw-7J1P1eY","bikeId":"S010863","bikeName":"Henriette","currency":"EUR","discountReason":null,"endTime":"2023-02-08T23:24:11Z","revenue":87.5,"revenue_currency":"EUR","startTime":"2023-02-08T23:19:29Z","trip_id":"-NNnJvR-ZBaw-7J1P1eY","vehicleId":"S010863","vehicle_name":"Henriette"},{"_id":"-NNmquUr1fRiwg5lwHGK","bikeId":"S010863","bikeName":"Henriette","currency":"EUR","discountReason":null,"endTime":"2023-02-08T21:12:21Z","revenue":78.33333333333334,"revenue_currency":"EUR","startTime":"2023-02-08T21:08:21Z","trip_id":"-NNmquUr1fRiwg5lwHGK","vehicleId":"S010863","vehicle_name":"Henriette"},{"_id":"-NNmomXNYbvcyjd86jHY","bikeId":"S010863","bikeName":"Henriette","currency":"EUR","discountReason":null,"endTime":"2023-02-08T21:05:57Z","revenue":105.83333333333334,"revenue_currency":"EUR","startTime":"2023-02-08T20:59:04Z","trip_id":"-NNmomXNYbvcyjd86jHY","vehicleId":"S010863","vehicle_name":"Henriette"},{"_id":"-NNmht_kN0gO47hwR5Hn","bikeId":"S010863","bikeName":"Henriette","currency":"EUR","discountReason":null,"endTime":"2023-02-08T20:35:50Z","revenue":105.83333333333334,"revenue_currency":"EUR","startTime":"2023-02-08T20:28:58Z","trip_id":"-NNmht_kN0gO47hwR5Hn","vehicleId":"S010863","vehicle_name":"Henriette"},{"_id":"-NNmTBB331ucUtromr7I","bikeId":"S010863","bikeName":"Henriette","currency":"EUR","discountReason":null,"endTime":"2023-02-08T19:44:12Z","revenue":261.6666666666667,"revenue_currency":"EUR","startTime":"2023-02-08T19:20:20Z","trip_id":"-NNmTBB331ucUtromr7I","vehicleId":"S010863","vehicle_name":"Henriette"},{"_id":"-NNlkQPYejD1ECWEpchb","bikeId":"S010863","bikeName":"Henriette","currency":"EUR","discountReason":null,"endTime":"2023-02-08T16:08:50Z","revenue":124.16666666666667,"revenue_currency":"EUR","startTime":"2023-02-08T16:00:24Z","trip_id":"-NNlkQPYejD1ECWEpchb","vehicleId":"S010863","vehicle_name":"Henriette"},{"_id":"-NNl-wc_rMfN9-1iuRkp","bikeId":"S003132","bikeName":"Ginette","currency":"EUR","discountReason":null,"endTime":"2023-02-08T12:42:03Z","revenue":112.5,"revenue_currency":"EUR","startTime":"2023-02-08T12:32:57Z","trip_id":"-NNl-wc_rMfN9-1iuRkp","vehicleId":"S003132","vehicle_name":"Ginette"},{"_id":"-NNku_2OGsD_eSHLvrbC","bikeId":"S010863","bikeName":"Henriette","currency":"EUR","discountReason":"ponyMember","endTime":"2023-02-08T12:12:00Z","revenue":96.16666666666667,"revenue_currency":"EUR","startTime":"2023-02-08T12:05:07Z","trip_id":"-NNku_2OGsD_eSHLvrbC","vehicleId":"S010863","vehicle_name":"Henriette"},{"_id":"-NNkEAwuOQTOFghQscdo","bikeId":"S010863","bikeName":"Henriette","currency":"EUR","discountReason":"ponyMember","endTime":"2023-02-08T09:03:18Z","revenue":105.33333333333334,"revenue_currency":"EUR","startTime":"2023-02-08T08:55:32Z","trip_id":"-NNkEAwuOQTOFghQscdo","vehicleId":"S010863","vehicle_name":"Henriette"},{"_id":"-NNk2o0y_jBLYtOH8Syh","bikeId":"S003132","bikeName":"Ginette","currency":"EUR","discountReason":null,"endTime":"2023-02-08T08:17:19Z","revenue":135,"revenue_currency":"EUR","startTime":"2023-02-08T08:05:51Z","trip_id":"-NNk2o0y_jBLYtOH8Syh","vehicleId":"S003132","vehicle_name":"Ginette"},{"_id":"-NNgz41MFHBWtRSZ0d0G","bikeId":"S010863","bikeName":"Henriette","currency":"EUR","discountReason":null,"endTime":"2023-02-07T17:54:30Z","revenue":124.16666666666667,"revenue_currency":"EUR","startTime":"2023-02-07T17:46:18Z","trip_id":"-NNgz41MFHBWtRSZ0d0G","vehicleId":"S010863","vehicle_name":"Henriette"},{"_id":"-NNgYPKOtQEClick2EGS","bikeId":"S010863","bikeName":"Henriette","currency":"EUR","discountReason":null,"endTime":"2023-02-07T16:04:10Z","revenue":215.83333333333334,"revenue_currency":"EUR","startTime":"2023-02-07T15:45:25Z","trip_id":"-NNgYPKOtQEClick2EGS","vehicleId":"S010863","vehicle_name":"Henriette"},{"_id":"-NNg6ATjnEVTstHMzsAb","bikeId":"S010863","bikeName":"Henriette","currency":"EUR","discountReason":null,"endTime":"2023-02-07T14:17:59Z","revenue":371.6666666666667,"revenue_currency":"EUR","startTime":"2023-02-07T13:42:04Z","trip_id":"-NNg6ATjnEVTstHMzsAb","vehicleId":"S010863","vehicle_name":"Henriette"},{"_id":"-NNff1AT3fpCh5xrsYkQ","bikeId":"S003132","bikeName":"Ginette","currency":"EUR","discountReason":null,"endTime":"2023-02-07T11:42:24Z","revenue":45,"revenue_currency":"EUR","startTime":"2023-02-07T11:39:06Z","trip_id":"-NNff1AT3fpCh5xrsYkQ","vehicleId":"S003132","vehicle_name":"Ginette"},{"_id":"-NNei8hm9nuX9U00ubCD","bikeId":"S010863","bikeName":"Henriette","currency":"EUR","discountReason":null,"endTime":"2023-02-07T07:15:39Z","revenue":69.16666666666667,"revenue_currency":"EUR","startTime":"2023-02-07T07:13:06Z","trip_id":"-NNei8hm9nuX9U00ubCD","vehicleId":"S010863","vehicle_name":"Henriette"},{"_id":"-NNdCeNHcpNz2nW7utAg","bikeId":"S003132","bikeName":"Ginette","currency":"EUR","discountReason":null,"endTime":"2023-02-07T00:33:46Z","revenue":479.1666666666667,"revenue_currency":"EUR","startTime":"2023-02-07T00:11:32Z","trip_id":"-NNdCeNHcpNz2nW7utAg","vehicleId":"S003132","vehicle_name":"Ginette"},{"_id":"-NNd6AS7P9moCG68lnf8","bikeId":"S010863","bikeName":"Henriette","currency":"EUR","discountReason":null,"endTime":"2023-02-06T23:49:58Z","revenue":105.83333333333334,"revenue_currency":"EUR","startTime":"2023-02-06T23:43:13Z","trip_id":"-NNd6AS7P9moCG68lnf8","vehicleId":"S010863","vehicle_name":"Henriette"},{"_id":"-NNd3F-LOPVDhySzWC7z","bikeId":"S003132","bikeName":"Ginette","currency":"EUR","discountReason":null,"endTime":"2023-02-06T23:32:48Z","revenue":62.5,"revenue_currency":"EUR","startTime":"2023-02-06T23:30:25Z","trip_id":"-NNd3F-LOPVDhySzWC7z","vehicleId":"S003132","vehicle_name":"Ginette"},{"_id":"-NNcT2M4yQsrVF4xrigA","bikeId":"S010863","bikeName":"Henriette","currency":"EUR","discountReason":"ponyMember","endTime":"2023-02-06T20:49:32Z","revenue":87,"revenue_currency":"EUR","startTime":"2023-02-06T20:43:32Z","trip_id":"-NNcT2M4yQsrVF4xrigA","vehicleId":"S010863","vehicle_name":"Henriette"},{"_id":"-NNbrnfTzRfDOb6RFUQx","bikeId":"S010863","bikeName":"Henriette","currency":"EUR","discountReason":null,"endTime":"2023-02-06T18:20:13Z","revenue":261.6666666666667,"revenue_currency":"EUR","startTime":"2023-02-06T17:56:26Z","trip_id":"-NNbrnfTzRfDOb6RFUQx","vehicleId":"S010863","vehicle_name":"Henriette"},{"_id":"-NNbcsKmr50ctXSuBEOq","bikeId":"S003132","bikeName":"Ginette","currency":"EUR","discountReason":null,"endTime":"2023-02-06T16:55:57Z","revenue":56.25,"revenue_currency":"EUR","startTime":"2023-02-06T16:51:13Z","trip_id":"-NNbcsKmr50ctXSuBEOq","vehicleId":"S003132","vehicle_name":"Ginette"},{"_id":"-NNbT5N6-oFd9cbS6jZ9","bikeId":"S010863","bikeName":"Henriette","currency":"EUR","discountReason":"ponyMember","endTime":"2023-02-06T16:23:11Z","revenue":215.33333333333334,"revenue_currency":"EUR","startTime":"2023-02-06T16:04:07Z","trip_id":"-NNbT5N6-oFd9cbS6jZ9","vehicleId":"S010863","vehicle_name":"Henriette"},{"_id":"-NNbHOtfU1ekk4l5Q_SG","bikeId":"S003132","bikeName":"Ginette","currency":"EUR","discountReason":null,"endTime":"2023-02-06T15:37:12Z","revenue":281.25,"revenue_currency":"EUR","startTime":"2023-02-06T15:13:01Z","trip_id":"-NNbHOtfU1ekk4l5Q_SG","vehicleId":"S003132","vehicle_name":"Ginette"},{"_id":"-NNbDlNtqSIGZEDCV5q0","bikeId":"S010863","bikeName":"Henriette","currency":"EUR","discountReason":null,"endTime":"2023-02-06T15:06:14Z","revenue":133.33333333333334,"revenue_currency":"EUR","startTime":"2023-02-06T14:57:09Z","trip_id":"-NNbDlNtqSIGZEDCV5q0","vehicleId":"S010863","vehicle_name":"Henriette"},{"_id":"-NNaqjaJk5o23qcQwf3H","bikeId":"S003132","bikeName":"Ginette","currency":"EUR","discountReason":null,"endTime":"2023-02-06T13:16:18Z","revenue":56.25,"revenue_currency":"EUR","startTime":"2023-02-06T13:12:10Z","trip_id":"-NNaqjaJk5o23qcQwf3H","vehicleId":"S003132","vehicle_name":"Ginette"},{"_id":"-NNap3hhJQOgJ9Ss4vUk","bikeId":"S003132","bikeName":"Ginette","currency":"EUR","discountReason":null,"endTime":"2023-02-06T13:11:52Z","revenue":78.75,"revenue_currency":"EUR","startTime":"2023-02-06T13:04:52Z","trip_id":"-NNap3hhJQOgJ9Ss4vUk","vehicleId":"S003132","vehicle_name":"Ginette"},{"_id":"-NNam2T1fNAJVj8ZZkzV","bikeId":"S003132","bikeName":"Ginette","currency":"EUR","discountReason":null,"endTime":"2023-02-06T12:58:06Z","revenue":78.75,"revenue_currency":"EUR","startTime":"2023-02-06T12:51:40Z","trip_id":"-NNam2T1fNAJVj8ZZkzV","vehicleId":"S003132","vehicle_name":"Ginette"},{"_id":"-NNakbdeXKXvajhjfrfP","bikeId":"S003132","bikeName":"Ginette","currency":"EUR","discountReason":null,"endTime":"2023-02-06T12:48:05Z","revenue":33.75,"revenue_currency":"EUR","startTime":"2023-02-06T12:45:24Z","trip_id":"-NNakbdeXKXvajhjfrfP","vehicleId":"S003132","vehicle_name":"Ginette"},{"_id":"-NNaigpDLgmKB2BjBO-u","bikeId":"S003132","bikeName":"Ginette","currency":"EUR","discountReason":null,"endTime":"2023-02-06T12:39:33Z","revenue":33.75,"revenue_currency":"EUR","startTime":"2023-02-06T12:37:01Z","trip_id":"-NNaigpDLgmKB2BjBO-u","vehicleId":"S003132","vehicle_name":"Ginette"},{"_id":"-NN_ZZ_k3QGUuIjNU_Oz","bikeId":"S010863","bikeName":"Henriette","currency":"EUR","discountReason":null,"endTime":"2023-02-06T07:18:12Z","revenue":96.66666666666667,"revenue_currency":"EUR","startTime":"2023-02-06T07:13:09Z","trip_id":"-NN_ZZ_k3QGUuIjNU_Oz","vehicleId":"S010863","vehicle_name":"Henriette"},{"_id":"-NN_W6YNhDU6f-zCxLj-","bikeId":"S010863","bikeName":"Henriette","currency":"EUR","discountReason":null,"endTime":"2023-02-06T07:05:41Z","revenue":115,"revenue_currency":"EUR","startTime":"2023-02-06T06:58:04Z","trip_id":"-NN_W6YNhDU6f-zCxLj-","vehicleId":"S010863","vehicle_name":"Henriette"},{"_id":"-NN_Dy_tfOV-goHWXX1o","bikeId":"S010863","bikeName":"Henriette","currency":"EUR","discountReason":"ponyMember","endTime":"2023-02-06T05:42:59Z","revenue":77.83333333333334,"revenue_currency":"EUR","startTime":"2023-02-06T05:38:48Z","trip_id":"-NN_Dy_tfOV-goHWXX1o","vehicleId":"S010863","vehicle_name":"Henriette"},{"_id":"-NNZ3qhlj6LrYCvGvtKs","bikeId":"S003132","bikeName":"Ginette","currency":"EUR","discountReason":null,"endTime":"2023-02-06T00:19:29Z","revenue":104.16666666666667,"revenue_currency":"EUR","startTime":"2023-02-06T00:14:57Z","trip_id":"-NNZ3qhlj6LrYCvGvtKs","vehicleId":"S003132","vehicle_name":"Ginette"},{"_id":"-NNXxsYOcavJy4eGP4xL","bikeId":"S010863","bikeName":"Henriette","currency":"EUR","discountReason":"ponyMember","endTime":"2023-02-05T19:08:59Z","revenue":77.83333333333334,"revenue_currency":"EUR","startTime":"2023-02-05T19:04:53Z","trip_id":"-NNXxsYOcavJy4eGP4xL","vehicleId":"S010863","vehicle_name":"Henriette"},{"_id":"-NNXuPZjOkPH03CYABep","bikeId":"S003132","bikeName":"Ginette","currency":"EUR","discountReason":null,"endTime":"2023-02-05T18:54:24Z","revenue":56.25,"revenue_currency":"EUR","startTime":"2023-02-05T18:49:43Z","trip_id":"-NNXuPZjOkPH03CYABep","vehicleId":"S003132","vehicle_name":"Ginette"},{"_id":"-NNXcfj07xgs1CSmgsOI","bikeId":"S010863","bikeName":"Henriette","currency":"EUR","discountReason":"ponyMember","endTime":"2023-02-05T17:38:51Z","revenue":96.16666666666667,"revenue_currency":"EUR","startTime":"2023-02-05T17:32:15Z","trip_id":"-NNXcfj07xgs1CSmgsOI","vehicleId":"S010863","vehicle_name":"Henriette"},{"_id":"-NNXLJW_KBIaljWPIdCg","bikeId":"S010863","bikeName":"Henriette","currency":"EUR","discountReason":null,"endTime":"2023-02-05T16:23:53Z","revenue":151.66666666666669,"revenue_currency":"EUR","startTime":"2023-02-05T16:12:01Z","trip_id":"-NNXLJW_KBIaljWPIdCg","vehicleId":"S010863","vehicle_name":"Henriette"},{"_id":"-NNXEXiTuF2sMp_-GEF0","bikeId":"S010863","bikeName":"Henriette","currency":"EUR","discountReason":null,"endTime":"2023-02-05T15:49:30Z","revenue":115,"revenue_currency":"EUR","startTime":"2023-02-05T15:42:25Z","trip_id":"-NNXEXiTuF2sMp_-GEF0","vehicleId":"S010863","vehicle_name":"Henriette"},{"_id":"-NNX0_ea32ZITS2Cvf2A","bikeId":"S010863","bikeName":"Henriette","currency":"EUR","discountReason":null,"endTime":"2023-02-05T14:48:51Z","revenue":115,"revenue_currency":"EUR","startTime":"2023-02-05T14:41:27Z","trip_id":"-NNX0_ea32ZITS2Cvf2A","vehicleId":"S010863","vehicle_name":"Henriette"},{"_id":"-NNUxfo-KTozdr7euX6v","bikeId":"S003132","bikeName":"Ginette","currency":"EUR","discountReason":null,"endTime":"2023-02-05T05:22:21Z","revenue":202.5,"revenue_currency":"EUR","startTime":"2023-02-05T05:05:09Z","trip_id":"-NNUxfo-KTozdr7euX6v","vehicleId":"S003132","vehicle_name":"Ginette"},{"_id":"-NNUQESR0bNYROpSdD-u","bikeId":"S003132","bikeName":"Ginette","currency":"EUR","discountReason":null,"endTime":"2023-02-05T02:45:55Z","revenue":250,"revenue_currency":"EUR","startTime":"2023-02-05T02:34:40Z","trip_id":"-NNUQESR0bNYROpSdD-u","vehicleId":"S003132","vehicle_name":"Ginette"},{"_id":"-NNUKXYJ8xPfiMXJAncz","bikeId":"S003132","bikeName":"Ginette","currency":"EUR","discountReason":null,"endTime":"2023-02-05T02:18:50Z","revenue":208.33333333333334,"revenue_currency":"EUR","startTime":"2023-02-05T02:09:45Z","trip_id":"-NNUKXYJ8xPfiMXJAncz","vehicleId":"S003132","vehicle_name":"Ginette"},{"_id":"-NNUATvk7YJXseXICtfC","bikeId":"S003132","bikeName":"Ginette","currency":"EUR","discountReason":null,"endTime":"2023-02-05T01:39:50Z","revenue":291.6666666666667,"revenue_currency":"EUR","startTime":"2023-02-05T01:25:49Z","trip_id":"-NNUATvk7YJXseXICtfC","vehicleId":"S003132","vehicle_name":"Ginette"},{"_id":"-NNTr-R3aogwNZOGaI5s","bikeId":"S003132","bikeName":"Ginette","currency":"EUR","discountReason":null,"endTime":"2023-02-05T00:08:58Z","revenue":270.83333333333337,"revenue_currency":"EUR","startTime":"2023-02-04T23:56:21Z","trip_id":"-NNTr-R3aogwNZOGaI5s","vehicleId":"S003132","vehicle_name":"Ginette"},{"_id":"-NNT_Syg-tYrDebx85sb","bikeId":"S010863","bikeName":"Henriette","currency":"EUR","discountReason":"coupon","endTime":"2023-02-04T22:50:22Z","revenue":0,"revenue_currency":"EUR","startTime":"2023-02-04T22:39:43Z","trip_id":"-NNT_Syg-tYrDebx85sb","vehicleId":"S010863","vehicle_name":"Henriette"},{"_id":"-NNTZM4WZgAFIYKc2f3q","bikeId":"S003132","bikeName":"Ginette","currency":"EUR","discountReason":null,"endTime":"2023-02-04T22:40:37Z","revenue":125,"revenue_currency":"EUR","startTime":"2023-02-04T22:34:53Z","trip_id":"-NNTZM4WZgAFIYKc2f3q","vehicleId":"S003132","vehicle_name":"Ginette"},{"_id":"-NNTUJ94ii5MP4dtnGgN","bikeId":"S003132","bikeName":"Ginette","currency":"EUR","discountReason":null,"endTime":"2023-02-04T22:23:49Z","revenue":229.16666666666669,"revenue_currency":"EUR","startTime":"2023-02-04T22:12:50Z","trip_id":"-NNTUJ94ii5MP4dtnGgN","vehicleId":"S003132","vehicle_name":"Ginette"},{"_id":"-NNT6UhTb_ZhEcpXy9TL","bikeId":"S010863","bikeName":"Henriette","currency":"EUR","discountReason":null,"endTime":"2023-02-04T20:38:23Z","revenue":133.33333333333334,"revenue_currency":"EUR","startTime":"2023-02-04T20:28:46Z","trip_id":"-NNT6UhTb_ZhEcpXy9TL","vehicleId":"S010863","vehicle_name":"Henriette"},{"_id":"-NNSqfw5_dfkcb_dwnhb","bikeId":"S003132","bikeName":"Ginette","currency":"EUR","discountReason":null,"endTime":"2023-02-04T19:20:00Z","revenue":56.25,"revenue_currency":"EUR","startTime":"2023-02-04T19:15:20Z","trip_id":"-NNSqfw5_dfkcb_dwnhb","vehicleId":"S003132","vehicle_name":"Ginette"},{"_id":"-NNSouJlwX9gBqlOPxBJ","bikeId":"S003132","bikeName":"Ginette","currency":"EUR","discountReason":null,"endTime":"2023-02-04T19:08:30Z","revenue":0,"revenue_currency":"EUR","startTime":"2023-02-04T19:07:35Z","trip_id":"-NNSouJlwX9gBqlOPxBJ","vehicleId":"S003132","vehicle_name":"Ginette"},{"_id":"-NNSnhtjGW6_oUvzFhbK","bikeId":"S003132","bikeName":"Ginette","currency":"EUR","discountReason":null,"endTime":"2023-02-04T19:05:10Z","revenue":33.75,"revenue_currency":"EUR","startTime":"2023-02-04T19:02:21Z","trip_id":"-NNSnhtjGW6_oUvzFhbK","vehicleId":"S003132","vehicle_name":"Ginette"},{"_id":"-NNSfyLSWf25IML0jdsR","bikeId":"S010863","bikeName":"Henriette","currency":"EUR","discountReason":null,"endTime":"2023-02-04T18:31:40Z","revenue":78.33333333333334,"revenue_currency":"EUR","startTime":"2023-02-04T18:28:32Z","trip_id":"-NNSfyLSWf25IML0jdsR","vehicleId":"S010863","vehicle_name":"Henriette"},{"_id":"-NNSaUFfCGAho7BlNx0e","bikeId":"S003132","bikeName":"Ginette","currency":"EUR","discountReason":null,"endTime":"2023-02-04T18:12:49Z","revenue":101.25,"revenue_currency":"EUR","startTime":"2023-02-04T18:04:34Z","trip_id":"-NNSaUFfCGAho7BlNx0e","vehicleId":"S003132","vehicle_name":"Ginette"},{"_id":"-NNSUJKv09G0ZfP6zY-l","bikeId":"S003132","bikeName":"Ginette","currency":"EUR","discountReason":null,"endTime":"2023-02-04T17:37:16Z","revenue":56.25,"revenue_currency":"EUR","startTime":"2023-02-04T17:33:14Z","trip_id":"-NNSUJKv09G0ZfP6zY-l","vehicleId":"S003132","vehicle_name":"Ginette"},{"_id":"-NNSN3JpXAq8gF3eEvzr","bikeId":"S010863","bikeName":"Henriette","currency":"EUR","discountReason":null,"endTime":"2023-02-04T17:09:26Z","revenue":115,"revenue_currency":"EUR","startTime":"2023-02-04T17:01:33Z","trip_id":"-NNSN3JpXAq8gF3eEvzr","vehicleId":"S010863","vehicle_name":"Henriette"},{"_id":"-NNSJQ6fnD4hXzE07fyK","bikeId":"S003132","bikeName":"Ginette","currency":"EUR","discountReason":null,"endTime":"2023-02-04T16:50:08Z","revenue":56.25,"revenue_currency":"EUR","startTime":"2023-02-04T16:45:38Z","trip_id":"-NNSJQ6fnD4hXzE07fyK","vehicleId":"S003132","vehicle_name":"Ginette"},{"_id":"-NNRjoOx1q5peIZvr_6T","bikeId":"S010863","bikeName":"Henriette","currency":"EUR","discountReason":null,"endTime":"2023-02-04T14:16:05Z","revenue":142.5,"revenue_currency":"EUR","startTime":"2023-02-04T14:05:42Z","trip_id":"-NNRjoOx1q5peIZvr_6T","vehicleId":"S010863","vehicle_name":"Henriette"},{"_id":"-NNRekxJ9LZhssIy0sIP","bikeId":"S010863","bikeName":"Henriette","currency":"EUR","discountReason":null,"endTime":"2023-02-04T13:50:11Z","revenue":105.83333333333334,"revenue_currency":"EUR","startTime":"2023-02-04T13:43:37Z","trip_id":"-NNRekxJ9LZhssIy0sIP","vehicleId":"S010863","vehicle_name":"Henriette"},{"_id":"-NNNwp2fogJzJ_jd9pgy","bikeId":"S003132","bikeName":"Ginette","currency":"EUR","discountReason":null,"endTime":"2023-02-03T20:27:41Z","revenue":83.33333333333334,"revenue_currency":"EUR","startTime":"2023-02-03T20:24:04Z","trip_id":"-NNNwp2fogJzJ_jd9pgy","vehicleId":"S003132","vehicle_name":"Ginette"},{"_id":"-NNNmYMjI9aPwBUHzlEt","bikeId":"S003132","bikeName":"Ginette","currency":"EUR","discountReason":null,"endTime":"2023-02-03T19:56:50Z","revenue":202.5,"revenue_currency":"EUR","startTime":"2023-02-03T19:39:10Z","trip_id":"-NNNmYMjI9aPwBUHzlEt","vehicleId":"S003132","vehicle_name":"Ginette"},{"_id":"-NNNkc48EtCbvPCmmBI3","bikeId":"S010863","bikeName":"Henriette","currency":"EUR","discountReason":null,"endTime":"2023-02-03T19:36:24Z","revenue":96.66666666666667,"revenue_currency":"EUR","startTime":"2023-02-03T19:30:45Z","trip_id":"-NNNkc48EtCbvPCmmBI3","vehicleId":"S010863","vehicle_name":"Henriette"},{"_id":"-NNNc3BznbjAUq9r1oR4","bikeId":"S010863","bikeName":"Henriette","currency":"EUR","discountReason":null,"endTime":"2023-02-03T19:03:00Z","revenue":133.33333333333334,"revenue_currency":"EUR","startTime":"2023-02-03T18:53:21Z","trip_id":"-NNNc3BznbjAUq9r1oR4","vehicleId":"S010863","vehicle_name":"Henriette"},{"_id":"-NNNLGaZxFAoxLFVAejA","bikeId":"S003132","bikeName":"Ginette","currency":"EUR","discountReason":"ponyMember","endTime":"2023-02-03T17:49:12Z","revenue":100,"revenue_currency":"EUR","startTime":"2023-02-03T17:35:37Z","trip_id":"-NNNLGaZxFAoxLFVAejA","vehicleId":"S003132","vehicle_name":"Ginette"},{"_id":"-NNNCGfQ_au24cOMRWit","bikeId":"S003132","bikeName":"Ginette","currency":"EUR","discountReason":null,"endTime":"2023-02-03T17:01:59Z","revenue":67.5,"revenue_currency":"EUR","startTime":"2023-02-03T16:56:18Z","trip_id":"-NNNCGfQ_au24cOMRWit","vehicleId":"S003132","vehicle_name":"Ginette"},{"_id":"-NNMhKcDBk7BWliPFeTW","bikeId":"S003132","bikeName":"Ginette","currency":"EUR","discountReason":"ponyMember","endTime":"2023-02-03T15:15:09Z","revenue":100,"revenue_currency":"EUR","startTime":"2023-02-03T14:36:46Z","trip_id":"-NNMhKcDBk7BWliPFeTW","vehicleId":"S003132","vehicle_name":"Ginette"},{"_id":"-NNM_G4bt6PFll12-IKq","bikeId":"S003132","bikeName":"Ginette","currency":"EUR","discountReason":null,"endTime":"2023-02-03T14:05:59Z","revenue":56.25,"revenue_currency":"EUR","startTime":"2023-02-03T14:01:30Z","trip_id":"-NNM_G4bt6PFll12-IKq","vehicleId":"S003132","vehicle_name":"Ginette"},{"_id":"-NNMYsKz_yzH99w0ahsT","bikeId":"S003132","bikeName":"Ginette","currency":"EUR","discountReason":null,"endTime":"2023-02-03T13:57:52Z","revenue":33.75,"revenue_currency":"EUR","startTime":"2023-02-03T13:55:27Z","trip_id":"-NNMYsKz_yzH99w0ahsT","vehicleId":"S003132","vehicle_name":"Ginette"},{"_id":"-NNMVVlrqS8ounowbh0Z","bikeId":"S003132","bikeName":"Ginette","currency":"EUR","discountReason":null,"endTime":"2023-02-03T13:48:22Z","revenue":90,"revenue_currency":"EUR","startTime":"2023-02-03T13:40:44Z","trip_id":"-NNMVVlrqS8ounowbh0Z","vehicleId":"S003132","vehicle_name":"Ginette"},{"_id":"-NNMRgeWUFghTj8NHv2x","bikeId":"S003132","bikeName":"Ginette","currency":"EUR","discountReason":null,"endTime":"2023-02-03T13:27:16Z","revenue":45,"revenue_currency":"EUR","startTime":"2023-02-03T13:24:04Z","trip_id":"-NNMRgeWUFghTj8NHv2x","vehicleId":"S003132","vehicle_name":"Ginette"},{"_id":"-NNMIa0WwYJPgATaDaRu","bikeId":"S003132","bikeName":"Ginette","currency":"EUR","discountReason":null,"endTime":"2023-02-03T12:54:49Z","revenue":123.75,"revenue_currency":"EUR","startTime":"2023-02-03T12:44:17Z","trip_id":"-NNMIa0WwYJPgATaDaRu","vehicleId":"S003132","vehicle_name":"Ginette"},{"_id":"-NNLvNhLCpW35dAV3PPU","bikeId":"S003132","bikeName":"Ginette","currency":"EUR","discountReason":null,"endTime":"2023-02-03T11:08:18Z","revenue":112.5,"revenue_currency":"EUR","startTime":"2023-02-03T10:58:31Z","trip_id":"-NNLvNhLCpW35dAV3PPU","vehicleId":"S003132","vehicle_name":"Ginette"},{"_id":"-NNK0Jo40ZKVODZLoq9J","bikeId":"S003132","bikeName":"Ginette","currency":"EUR","discountReason":"ponyMember","endTime":"2023-02-03T02:20:44Z","revenue":100,"revenue_currency":"EUR","startTime":"2023-02-03T02:05:14Z","trip_id":"-NNK0Jo40ZKVODZLoq9J","vehicleId":"S003132","vehicle_name":"Ginette"},{"_id":"-NNJsycxKSKEk0-D222C","bikeId":"S003132","bikeName":"Ginette","currency":"EUR","discountReason":"ponyMember","endTime":"2023-02-03T01:52:40Z","revenue":100,"revenue_currency":"EUR","startTime":"2023-02-03T01:28:46Z","trip_id":"-NNJsycxKSKEk0-D222C","vehicleId":"S003132","vehicle_name":"Ginette"},{"_id":"-NNHtFv9T82IF822woS9","bikeId":"S003132","bikeName":"Ginette","currency":"EUR","discountReason":null,"endTime":"2023-02-02T16:15:57Z","revenue":67.5,"revenue_currency":"EUR","startTime":"2023-02-02T16:10:46Z","trip_id":"-NNHtFv9T82IF822woS9","vehicleId":"S003132","vehicle_name":"Ginette"},{"_id":"-NNHgSLb9T_eY4p1mIzs","bikeId":"S003132","bikeName":"Ginette","currency":"EUR","discountReason":null,"endTime":"2023-02-02T15:18:01Z","revenue":45,"revenue_currency":"EUR","startTime":"2023-02-02T15:14:49Z","trip_id":"-NNHgSLb9T_eY4p1mIzs","vehicleId":"S003132","vehicle_name":"Ginette"},{"_id":"-NNHAKRJGBBEy6SnKqMn","bikeId":"S010863","bikeName":"Henriette","currency":"EUR","discountReason":null,"endTime":"2023-02-02T12:53:31Z","revenue":78.33333333333334,"revenue_currency":"EUR","startTime":"2023-02-02T12:50:06Z","trip_id":"-NNHAKRJGBBEy6SnKqMn","vehicleId":"S010863","vehicle_name":"Henriette"},{"_id":"-NNGnIurdXmF3wQjrB8k","bikeId":"S003132","bikeName":"Ginette","currency":"EUR","discountReason":null,"endTime":"2023-02-02T11:17:08Z","revenue":135,"revenue_currency":"EUR","startTime":"2023-02-02T11:05:08Z","trip_id":"-NNGnIurdXmF3wQjrB8k","vehicleId":"S003132","vehicle_name":"Ginette"},{"_id":"-NNEIaYuCnVeEiRE9Mnn","bikeId":"S010863","bikeName":"Henriette","currency":"EUR","discountReason":null,"endTime":"2023-02-01T23:36:04Z","revenue":124.16666666666667,"revenue_currency":"EUR","startTime":"2023-02-01T23:27:22Z","trip_id":"-NNEIaYuCnVeEiRE9Mnn","vehicleId":"S010863","vehicle_name":"Henriette"},{"_id":"-NN9QXKTFAonsWMJAjrX","bikeId":"S010863","bikeName":"Henriette","currency":"EUR","discountReason":null,"endTime":"2023-02-01T01:02:03Z","revenue":215.83333333333334,"revenue_currency":"EUR","startTime":"2023-02-01T00:43:56Z","trip_id":"-NN9QXKTFAonsWMJAjrX","vehicleId":"S010863","vehicle_name":"Henriette"},{"_id":"-NN9Gimov0povzotDUcH","bikeId":"S010863","bikeName":"Henriette","currency":"EUR","discountReason":null,"endTime":"2023-02-01T00:04:02Z","revenue":69.16666666666667,"revenue_currency":"EUR","startTime":"2023-02-01T00:01:05Z","trip_id":"-NN9Gimov0povzotDUcH","vehicleId":"S010863","vehicle_name":"Henriette"},{"_id":"-NN8oeuLICPvkCb8mIs9","bikeId":"S010863","bikeName":"Henriette","currency":"EUR","discountReason":null,"endTime":"2023-01-31T21:58:59Z","revenue":87.5,"revenue_currency":"EUR","startTime":"2023-01-31T21:54:07Z","trip_id":"-NN8oeuLICPvkCb8mIs9","vehicleId":"S010863","vehicle_name":"Henriette"},{"_id":"-NN7xnmQEsNpJ3b81INq","bikeId":"S010863","bikeName":"Henriette","currency":"EUR","discountReason":"coupon","endTime":"2023-01-31T18:01:46Z","revenue":0,"revenue_currency":"EUR","startTime":"2023-01-31T17:54:26Z","trip_id":"-NN7xnmQEsNpJ3b81INq","vehicleId":"S010863","vehicle_name":"Henriette"},{"_id":"-NN7TiJXRkGkXNoaHpwU","bikeId":"S010863","bikeName":"Henriette","currency":"EUR","discountReason":null,"endTime":"2023-01-31T15:43:51Z","revenue":96.66666666666667,"revenue_currency":"EUR","startTime":"2023-01-31T15:38:37Z","trip_id":"-NN7TiJXRkGkXNoaHpwU","vehicleId":"S010863","vehicle_name":"Henriette"},{"_id":"-NN7MM0u-rpxbBxozuIW","bikeId":"S010863","bikeName":"Henriette","currency":"EUR","discountReason":null,"endTime":"2023-01-31T15:19:01Z","revenue":160.83333333333334,"revenue_currency":"EUR","startTime":"2023-01-31T15:06:26Z","trip_id":"-NN7MM0u-rpxbBxozuIW","vehicleId":"S010863","vehicle_name":"Henriette"},{"_id":"-NN74kw1bDIlcKXhfNYq","bikeId":"S010863","bikeName":"Henriette","currency":"EUR","discountReason":null,"endTime":"2023-01-31T13:52:30Z","revenue":69.16666666666667,"revenue_currency":"EUR","startTime":"2023-01-31T13:49:34Z","trip_id":"-NN74kw1bDIlcKXhfNYq","vehicleId":"S010863","vehicle_name":"Henriette"},{"_id":"-NN6rR2b3ej0oED_zklN","bikeId":"S010863","bikeName":"Henriette","currency":"EUR","discountReason":null,"endTime":"2023-01-31T12:52:28Z","revenue":96.66666666666667,"revenue_currency":"EUR","startTime":"2023-01-31T12:46:58Z","trip_id":"-NN6rR2b3ej0oED_zklN","vehicleId":"S010863","vehicle_name":"Henriette"},{"_id":"-NN6dpV7fVK4hcTf-WYe","bikeId":"S010863","bikeName":"Henriette","currency":"EUR","discountReason":null,"endTime":"2023-01-31T11:56:34Z","revenue":133.33333333333334,"revenue_currency":"EUR","startTime":"2023-01-31T11:47:32Z","trip_id":"-NN6dpV7fVK4hcTf-WYe","vehicleId":"S010863","vehicle_name":"Henriette"},{"_id":"-NN6W7PXmwgyxFFHHtMG","bikeId":"S010863","bikeName":"Henriette","currency":"EUR","discountReason":null,"endTime":"2023-01-31T11:25:48Z","revenue":197.5,"revenue_currency":"EUR","startTime":"2023-01-31T11:09:31Z","trip_id":"-NN6W7PXmwgyxFFHHtMG","vehicleId":"S010863","vehicle_name":"Henriette"},{"_id":"-NN6TOvE7IMUXp-F-xU4","bikeId":"S010863","bikeName":"Henriette","currency":"EUR","discountReason":null,"endTime":"2023-01-31T11:02:26Z","revenue":87.5,"revenue_currency":"EUR","startTime":"2023-01-31T10:57:36Z","trip_id":"-NN6TOvE7IMUXp-F-xU4","vehicleId":"S010863","vehicle_name":"Henriette"},{"_id":"-NN6NPMzZmVA7VwkOYKx","bikeId":"S010863","bikeName":"Henriette","currency":"EUR","discountReason":null,"endTime":"2023-01-31T10:37:57Z","revenue":105.83333333333334,"revenue_currency":"EUR","startTime":"2023-01-31T10:31:25Z","trip_id":"-NN6NPMzZmVA7VwkOYKx","vehicleId":"S010863","vehicle_name":"Henriette"},{"_id":"-NN5wrdLywO-Qtj14z3n","bikeId":"S010863","bikeName":"Henriette","currency":"EUR","discountReason":null,"endTime":"2023-01-31T08:39:10Z","revenue":124.16666666666667,"revenue_currency":"EUR","startTime":"2023-01-31T08:31:05Z","trip_id":"-NN5wrdLywO-Qtj14z3n","vehicleId":"S010863","vehicle_name":"Henriette"},{"_id":"-NN5nUi5Bqy3kkMCA-0J","bikeId":"S010863","bikeName":"Henriette","currency":"EUR","discountReason":null,"endTime":"2023-01-31T07:53:35Z","revenue":78.33333333333334,"revenue_currency":"EUR","startTime":"2023-01-31T07:50:07Z","trip_id":"-NN5nUi5Bqy3kkMCA-0J","vehicleId":"S010863","vehicle_name":"Henriette"},{"_id":"-NN3s_3a2HNcPmBLO_Q-","bikeId":"S010863","bikeName":"Henriette","currency":"EUR","discountReason":null,"endTime":"2023-01-30T22:59:05Z","revenue":96.66666666666667,"revenue_currency":"EUR","startTime":"2023-01-30T22:53:06Z","trip_id":"-NN3s_3a2HNcPmBLO_Q-","vehicleId":"S010863","vehicle_name":"Henriette"},{"_id":"-NN35_Tw3odrECHoCbkz","bikeId":"S010863","bikeName":"Henriette","currency":"EUR","discountReason":null,"endTime":"2023-01-30T19:22:38Z","revenue":115,"revenue_currency":"EUR","startTime":"2023-01-30T19:14:40Z","trip_id":"-NN35_Tw3odrECHoCbkz","vehicleId":"S010863","vehicle_name":"Henriette"},{"_id":"-NN2eH9PlnrYmxAXh1wK","bikeId":"S010863","bikeName":"Henriette","currency":"EUR","discountReason":"ponyMember","endTime":"2023-01-30T17:23:29Z","revenue":151.16666666666669,"revenue_currency":"EUR","startTime":"2023-01-30T17:11:01Z","trip_id":"-NN2eH9PlnrYmxAXh1wK","vehicleId":"S010863","vehicle_name":"Henriette"},{"_id":"-NN1x1Hya2hjsyOBlFnS","bikeId":"S003132","bikeName":"Ginette","currency":"EUR","discountReason":null,"endTime":"2023-01-30T13:54:06Z","revenue":0,"revenue_currency":"EUR","startTime":"2023-01-30T13:53:19Z","trip_id":"-NN1x1Hya2hjsyOBlFnS","vehicleId":"S003132","vehicle_name":"Ginette"},{"_id":"-NN1wmwZRLnxD29AHIw3","bikeId":"S003132","bikeName":"Ginette","currency":"EUR","discountReason":null,"endTime":"2023-01-30T13:52:58Z","revenue":0,"revenue_currency":"EUR","startTime":"2023-01-30T13:52:17Z","trip_id":"-NN1wmwZRLnxD29AHIw3","vehicleId":"S003132","vehicle_name":"Ginette"},{"_id":"-NN1r-caTkvomCCsoMra","bikeId":"S010863","bikeName":"Henriette","currency":"EUR","discountReason":null,"endTime":"2023-01-30T13:36:52Z","revenue":133.33333333333334,"revenue_currency":"EUR","startTime":"2023-01-30T13:27:00Z","trip_id":"-NN1r-caTkvomCCsoMra","vehicleId":"S010863","vehicle_name":"Henriette"},{"_id":"-NN1nMpsY-6kJlTjdr_5","bikeId":"S003132","bikeName":"Ginette","currency":"EUR","discountReason":"ponyMember","endTime":"2023-01-30T13:14:57Z","revenue":100,"revenue_currency":"EUR","startTime":"2023-01-30T13:11:06Z","trip_id":"-NN1nMpsY-6kJlTjdr_5","vehicleId":"S003132","vehicle_name":"Ginette"},{"_id":"-NN1cuXeQc3v3QTvm5YA","bikeId":"S010863","bikeName":"Henriette","currency":"EUR","discountReason":null,"endTime":"2023-01-30T12:30:47Z","revenue":96.66666666666667,"revenue_currency":"EUR","startTime":"2023-01-30T12:25:25Z","trip_id":"-NN1cuXeQc3v3QTvm5YA","vehicleId":"S010863","vehicle_name":"Henriette"},{"_id":"-NN1_nlXHIPm7XfO6ZK_","bikeId":"S003132","bikeName":"Ginette","currency":"EUR","discountReason":"ponyMember","endTime":"2023-01-30T12:13:15Z","revenue":100,"revenue_currency":"EUR","startTime":"2023-01-30T12:11:51Z","trip_id":"-NN1_nlXHIPm7XfO6ZK_","vehicleId":"S003132","vehicle_name":"Ginette"},{"_id":"-NN0o1eVEQ-ZrxmtIAX8","bikeId":"S010863","bikeName":"Henriette","currency":"EUR","discountReason":null,"endTime":"2023-01-30T08:48:35Z","revenue":179.16666666666669,"revenue_currency":"EUR","startTime":"2023-01-30T08:34:24Z","trip_id":"-NN0o1eVEQ-ZrxmtIAX8","vehicleId":"S010863","vehicle_name":"Henriette"},{"_id":"-NMxereP8DsHr1Pk3KBj","bikeId":"S010863","bikeName":"Henriette","currency":"EUR","discountReason":null,"endTime":"2023-01-29T13:21:57Z","revenue":105.83333333333334,"revenue_currency":"EUR","startTime":"2023-01-29T13:15:51Z","trip_id":"-NMxereP8DsHr1Pk3KBj","vehicleId":"S010863","vehicle_name":"Henriette"},{"_id":"-NMtYu1L4CHT9Au2pzgE","bikeId":"S010863","bikeName":"Henriette","currency":"EUR","discountReason":null,"endTime":"2023-01-28T18:18:51Z","revenue":151.66666666666669,"revenue_currency":"EUR","startTime":"2023-01-28T18:06:57Z","trip_id":"-NMtYu1L4CHT9Au2pzgE","vehicleId":"S010863","vehicle_name":"Henriette"},{"_id":"-NModlpqLnA-_CzXAFy-","bikeId":"S010863","bikeName":"Henriette","discountReason":null,"endTime":"2023-01-27T19:36:40Z","revenue":252.5,"startTime":"2023-01-27T19:14:30Z","trip_id":"-NModlpqLnA-_CzXAFy-","vehicleId":"S010863","vehicle_name":"Henriette"},{"_id":"-NMoB2PvESCvvgBEZKs-","bikeId":"S010863","bikeName":"Henriette","discountReason":null,"endTime":"2023-01-27T17:09:24Z","revenue":87.5,"startTime":"2023-01-27T17:04:38Z","trip_id":"-NMoB2PvESCvvgBEZKs-","vehicleId":"S010863","vehicle_name":"Henriette"},{"_id":"-NMnvyGCp71-FhJ2k7v5","bikeId":"S010863","bikeName":"Henriette","discountReason":null,"endTime":"2023-01-27T16:34:04Z","revenue":408.33333333333337,"startTime":"2023-01-27T15:54:23Z","trip_id":"-NMnvyGCp71-FhJ2k7v5","vehicleId":"S010863","vehicle_name":"Henriette"},{"_id":"-NMnaOnijRQbJxFYGDsZ","bikeId":"S010863","bikeName":"Henriette","discountReason":null,"endTime":"2023-01-27T14:28:09Z","revenue":115,"startTime":"2023-01-27T14:20:08Z","trip_id":"-NMnaOnijRQbJxFYGDsZ","vehicleId":"S010863","vehicle_name":"Henriette"},{"_id":"-NMicvKp1li5BD8XpCG5","bikeId":"S003132","bikeName":"Ginette","discountReason":null,"endTime":"2023-01-26T15:14:05Z","revenue":22.5,"startTime":"2023-01-26T15:13:04Z","trip_id":"-NMicvKp1li5BD8XpCG5","vehicleId":"S003132","vehicle_name":"Ginette"},{"_id":"-NMgFZscjFTtVIRVQVJa","bikeId":"S010863","bikeName":"Henriette","discountReason":null,"endTime":"2023-01-26T04:29:44Z","revenue":252.5,"startTime":"2023-01-26T04:07:26Z","trip_id":"-NMgFZscjFTtVIRVQVJa","vehicleId":"S010863","vehicle_name":"Henriette"},{"_id":"-NMg7QK8v9S3jKpDku0r","bikeId":"S010863","bikeName":"Henriette","discountReason":null,"endTime":"2023-01-26T03:41:18Z","revenue":133.33333333333334,"startTime":"2023-01-26T03:31:50Z","trip_id":"-NMg7QK8v9S3jKpDku0r","vehicleId":"S010863","vehicle_name":"Henriette"},{"_id":"-NMfRtpd6d2WLhPNts_g","bikeId":"S010863","bikeName":"Henriette","discountReason":null,"endTime":"2023-01-26T00:27:27Z","revenue":96.66666666666667,"startTime":"2023-01-26T00:21:40Z","trip_id":"-NMfRtpd6d2WLhPNts_g","vehicleId":"S010863","vehicle_name":"Henriette"},{"_id":"-NMd_JOcNfY951jUlD03","bikeId":"S010863","bikeName":"Henriette","discountReason":null,"endTime":"2023-01-25T15:50:33Z","revenue":151.66666666666669,"startTime":"2023-01-25T15:39:12Z","trip_id":"-NMd_JOcNfY951jUlD03","vehicleId":"S010863","vehicle_name":"Henriette"},{"_id":"-NMd8xLMSDVQHyIjKEpC","bikeId":"S010863","bikeName":"Henriette","discountReason":null,"endTime":"2023-01-25T13:48:04Z","revenue":124.16666666666667,"startTime":"2023-01-25T13:39:39Z","trip_id":"-NMd8xLMSDVQHyIjKEpC","vehicleId":"S010863","vehicle_name":"Henriette"},{"_id":"-NMcntxhloKREkTOXlHk","bikeId":"S010863","bikeName":"Henriette","discountReason":null,"endTime":"2023-01-25T12:03:30Z","revenue":0,"startTime":"2023-01-25T12:03:18Z","trip_id":"-NMcntxhloKREkTOXlHk","vehicleId":"S010863","vehicle_name":"Henriette"},{"_id":"-NMcd4ONXYhlrYwvBGhL","bikeId":"S010863","bikeName":"Henriette","discountReason":null,"endTime":"2023-01-25T11:16:35Z","revenue":0,"startTime":"2023-01-25T11:16:02Z","trip_id":"-NMcd4ONXYhlrYwvBGhL","vehicleId":"S010863","vehicle_name":"Henriette"},{"_id":"-NMXskUU2sohE1XdLMQg","bikeId":"S010863","bikeName":"Henriette","discountReason":null,"endTime":"2023-01-24T08:40:35Z","revenue":170,"startTime":"2023-01-24T08:26:47Z","trip_id":"-NMXskUU2sohE1XdLMQg","vehicleId":"S010863","vehicle_name":"Henriette"},{"_id":"-NMXr9TNETdsyRopaAX0","bikeId":"S010863","bikeName":"Henriette","discountReason":null,"endTime":"2023-01-24T08:20:57Z","revenue":60,"startTime":"2023-01-24T08:19:49Z","trip_id":"-NMXr9TNETdsyRopaAX0","vehicleId":"S010863","vehicle_name":"Henriette"},{"_id":"-NMVp9MbWtbQS80nGERh","bikeId":"S010863","bikeName":"Henriette","discountReason":null,"endTime":"2023-01-23T22:52:23Z","revenue":0,"startTime":"2023-01-23T22:51:50Z","trip_id":"-NMVp9MbWtbQS80nGERh","vehicleId":"S010863","vehicle_name":"Henriette"},{"_id":"-NMVowrmkH_VhtjOICMD","bikeId":"S010863","bikeName":"Henriette","discountReason":null,"endTime":"2023-01-23T22:51:30Z","revenue":0,"startTime":"2023-01-23T22:50:55Z","trip_id":"-NMVowrmkH_VhtjOICMD","vehicleId":"S010863","vehicle_name":"Henriette"},{"_id":"-NMVa8leCP72OyGpW0l6","bikeId":"S010863","bikeName":"Henriette","discountReason":null,"endTime":"2023-01-23T21:59:37Z","revenue":170,"startTime":"2023-01-23T21:46:15Z","trip_id":"-NMVa8leCP72OyGpW0l6","vehicleId":"S010863","vehicle_name":"Henriette"},{"_id":"-NMV1c8OYiEltUOnEMpL","bikeId":"S010863","bikeName":"Henriette","discountReason":null,"endTime":"2023-01-23T19:16:48Z","revenue":96.66666666666667,"startTime":"2023-01-23T19:11:03Z","trip_id":"-NMV1c8OYiEltUOnEMpL","vehicleId":"S010863","vehicle_name":"Henriette"},{"bikeId":"S003132","bikeName":"Ginette","cost":0,"currency":"EUR","endTime":"2023-01-23T10:20:42Z","lockId":"S003132","ownerId":"wg7upBQEGOYj720g3ifO0ZIJwjK2","revenue":0,"startTime":"2023-01-23T10:19:54Z","trip_id":"-NMT82mYjSO3lQP7wPb8","updated_at":"2023-01-23T10:20:44Z","userId":"YVDdU7KbZ5OdZyI9a6jdaqgBO1I3","vehicleId":"S003132","vehicleName":"Ginette","vehicle_adoption_id":"vehicle_adoption_0T10mnzyMhAzSpP2zOo7S4mF"},{"bikeId":"S010863","bikeName":"Henriette","cost":176,"currency":"EUR","discountReason":"ponyMember","endTime":"2023-01-23T06:55:20Z","lockId":"S010863","ownerId":"wg7upBQEGOYj720g3ifO0ZIJwjK2","revenue":105.33333333333334,"startTime":"2023-01-23T06:48:08Z","trip_id":"-NMSN_ixKV57l5u3XX_B","updated_at":"2023-01-23T06:55:23Z","userId":"FPy76b15ADQr0xASrT1iClOOSHD3","vehicleId":"S010863","vehicleName":"Henriette","vehicle_adoption_id":"vehicle_adoption_0TIRlT7O3BOnAWyifsi7zIY1"},{"bikeId":"S010863","bikeName":"Henriette","cost":298,"currency":"EUR","endTime":"2023-01-22T18:17:22Z","lockId":"S010863","ownerId":"wg7upBQEGOYj720g3ifO0ZIJwjK2","revenue":124.16666666666667,"startTime":"2023-01-22T18:08:41Z","trip_id":"-NMPekm5uiUwFrLstAN8","updated_at":"2023-01-22T18:17:24Z","userId":"qqnckJHCiZPb2xNHkfW35tSouEM2","vehicleId":"S010863","vehicleName":"Henriette","vehicle_adoption_id":"vehicle_adoption_0TIRlT7O3BOnAWyifsi7zIY1"},{"bikeId":"S010863","bikeName":"Henriette","cost":232,"currency":"EUR","endTime":"2023-01-22T14:38:05Z","lockId":"S010863","ownerId":"wg7upBQEGOYj720g3ifO0ZIJwjK2","revenue":96.66666666666667,"startTime":"2023-01-22T14:32:52Z","trip_id":"-NMOtMTg6VYQVrZfZjdo","updated_at":"2023-01-22T14:38:07Z","userId":"9jV1tMMeXbaj7T50WYrENHVuN382","vehicleId":"S010863","vehicleName":"Henriette","vehicle_adoption_id":"vehicle_adoption_0TIRlT7O3BOnAWyifsi7zIY1"},{"bikeId":"S010863","bikeName":"Henriette","cost":210,"currency":"EUR","endTime":"2023-01-21T23:27:57Z","lockId":"S010863","ownerId":"wg7upBQEGOYj720g3ifO0ZIJwjK2","revenue":87.5,"startTime":"2023-01-21T23:23:50Z","trip_id":"-NMLdIa6J-I5tkw9kKsi","updated_at":"2023-01-21T23:27:59Z","userId":"lT7qAHGyodWQPFXx3EvhUv6EKyr2","vehicleId":"S010863","vehicleName":"Henriette","vehicle_adoption_id":"vehicle_adoption_0TIRlT7O3BOnAWyifsi7zIY1"},{"bikeId":"S010863","bikeName":"Henriette","cost":276,"currency":"EUR","endTime":"2023-01-21T22:25:49Z","lockId":"S010863","ownerId":"wg7upBQEGOYj720g3ifO0ZIJwjK2","revenue":115,"startTime":"2023-01-21T22:18:01Z","trip_id":"-NMLPETjjI5OOhURfPUR","updated_at":"2023-01-21T22:25:51Z","userId":"7NcMuFDnCkTfC83PSs1y7pU9hk33","vehicleId":"S010863","vehicleName":"Henriette","vehicle_adoption_id":"vehicle_adoption_0TIRlT7O3BOnAWyifsi7zIY1"},{"bikeId":"S010863","bikeName":"Henriette","cost":22,"currency":"EUR","discountReason":"coupon","endTime":"2023-01-21T21:54:08Z","lockId":"S010863","ownerId":"wg7upBQEGOYj720g3ifO0ZIJwjK2","revenue":9.166666666666668,"startTime":"2023-01-21T21:34:03Z","trip_id":"-NMLFAYpYzQT2lK7-J5N","updated_at":"2023-01-21T21:54:10Z","userId":"quhy3olQ3PTNVJGTb2PtQXkqCph1","vehicleId":"S010863","vehicleName":"Henriette","vehicle_adoption_id":"vehicle_adoption_0TIRlT7O3BOnAWyifsi7zIY1"},{"bikeId":"S010863","bikeName":"Henriette","cost":198,"currency":"EUR","discountReason":"ponyMember","endTime":"2023-01-21T21:20:37Z","lockId":"S010863","ownerId":"wg7upBQEGOYj720g3ifO0ZIJwjK2","revenue":114.5,"startTime":"2023-01-21T21:12:03Z","trip_id":"-NMLA84GW0VbVUDxonXy","updated_at":"2023-01-21T21:20:39Z","userId":"WImkW1i49ANPJoXJ5ffGFsHxgu62","vehicleId":"S010863","vehicleName":"Henriette","vehicle_adoption_id":"vehicle_adoption_0TIRlT7O3BOnAWyifsi7zIY1"},{"bikeId":"S003132","bikeName":"Ginette","cost":54,"currency":"EUR","endTime":"2023-01-21T11:55:08Z","lockId":"S003132","ownerId":"wg7upBQEGOYj720g3ifO0ZIJwjK2","revenue":22.5,"startTime":"2023-01-21T11:54:07Z","trip_id":"-NMJARIvXQcPOe-pjTAR","updated_at":"2023-01-21T11:55:10Z","userId":"gpgmqF8a87SJNcw27VQBA0W78Dr1","vehicleId":"S003132","vehicleName":"Ginette","vehicle_adoption_id":"vehicle_adoption_0T10mnzyMhAzSpP2zOo7S4mF"},{"bikeId":"S010863","bikeName":"Henriette","cost":298,"currency":"EUR","endTime":"2023-01-21T11:26:28Z","lockId":"S010863","ownerId":"wg7upBQEGOYj720g3ifO0ZIJwjK2","revenue":124.16666666666667,"startTime":"2023-01-21T11:17:47Z","trip_id":"-NMJ2766Hy1QMbq9V6iK","updated_at":"2023-01-21T11:26:31Z","userId":"mY9I7SbxecZD5Dd40hPFOgObYyw1","vehicleId":"S010863","vehicleName":"Henriette","vehicle_adoption_id":"vehicle_adoption_0TIRlT7O3BOnAWyifsi7zIY1"},{"bikeId":"S010863","bikeName":"Henriette","cost":342,"currency":"EUR","endTime":"2023-01-21T11:13:25Z","lockId":"S010863","ownerId":"wg7upBQEGOYj720g3ifO0ZIJwjK2","revenue":142.5,"startTime":"2023-01-21T11:03:18Z","trip_id":"-NMIznqUfFI8dmxM52e1","updated_at":"2023-01-21T11:13:31Z","userId":"YEfrBDBOtdXOFDznywhRn58N2vk2","vehicleId":"S010863","vehicleName":"Henriette","vehicle_adoption_id":"vehicle_adoption_0TIRlT7O3BOnAWyifsi7zIY1"},{"bikeId":"S003132","bikeName":"Ginette","cost":0,"currency":"EUR","discountReason":"ponyMember","endTime":"2023-01-21T09:08:31Z","lockId":"S003132","ownerId":"wg7upBQEGOYj720g3ifO0ZIJwjK2","revenue":100,"startTime":"2023-01-21T09:05:41Z","trip_id":"-NMIZsvDXkVLiQ8567yb","updated_at":"2023-01-21T09:08:35Z","userId":"wgRXyZtCA1fM5RY8dkZptLVFuq02","vehicleId":"S003132","vehicleName":"Ginette","vehicle_adoption_id":"vehicle_adoption_0T10mnzyMhAzSpP2zOo7S4mF"},{"bikeId":"S010863","bikeName":"Henriette","cost":320,"currency":"EUR","endTime":"2023-01-21T01:52:49Z","lockId":"S010863","ownerId":"wg7upBQEGOYj720g3ifO0ZIJwjK2","revenue":133.33333333333334,"startTime":"2023-01-21T01:43:06Z","trip_id":"-NMGza-txMCLqbhq8837","updated_at":"2023-01-21T01:52:51Z","userId":"LzykSzUDbUQBuxKJ017heLnrkz22","vehicleId":"S010863","vehicleName":"Henriette","vehicle_adoption_id":"vehicle_adoption_0TIRlT7O3BOnAWyifsi7zIY1"},{"bikeId":"S010863","bikeName":"Henriette","cost":452,"currency":"EUR","endTime":"2023-01-21T01:30:44Z","lockId":"S010863","ownerId":"wg7upBQEGOYj720g3ifO0ZIJwjK2","revenue":188.33333333333334,"startTime":"2023-01-21T01:14:54Z","trip_id":"-NMGt7nfTIfLKCGHpYpO","updated_at":"2023-01-21T01:30:47Z","userId":"AIcLcKhIAxelUmXzovPrzIeF19D2","vehicleId":"S010863","vehicleName":"Henriette","vehicle_adoption_id":"vehicle_adoption_0TIRlT7O3BOnAWyifsi7zIY1"},{"bikeId":"S003132","bikeName":"Ginette","cost":100,"currency":"EUR","endTime":"2023-01-20T23:30:35Z","lockId":"S003132","ownerId":"wg7upBQEGOYj720g3ifO0ZIJwjK2","revenue":41.66666666666667,"startTime":"2023-01-20T23:28:58Z","trip_id":"-NMGVt8UflUX9M4waRuD","updated_at":"2023-01-20T23:30:39Z","userId":"3vNX3IisSJS9ipBs8Ipv4pGoPAy1","vehicleId":"S003132","vehicleName":"Ginette","vehicle_adoption_id":"vehicle_adoption_0T10mnzyMhAzSpP2zOo7S4mF"},{"bikeId":"S010863","bikeName":"Henriette","cost":232,"currency":"EUR","endTime":"2023-01-20T23:20:04Z","lockId":"S010863","ownerId":"wg7upBQEGOYj720g3ifO0ZIJwjK2","revenue":96.66666666666667,"startTime":"2023-01-20T23:14:36Z","trip_id":"-NMGSa_mi1MCeDYvapOh","updated_at":"2023-01-20T23:20:08Z","userId":"mjYIXXQc7YWr4uP4YY3cISVv2Xp1","vehicleId":"S010863","vehicleName":"Henriette","vehicle_adoption_id":"vehicle_adoption_0TIRlT7O3BOnAWyifsi7zIY1"},{"bikeId":"S003132","bikeName":"Ginette","cost":54,"currency":"EUR","endTime":"2023-01-20T15:16:38Z","lockId":"S003132","ownerId":"wg7upBQEGOYj720g3ifO0ZIJwjK2","revenue":22.5,"startTime":"2023-01-20T15:15:23Z","trip_id":"-NMEjuh3ZK3q9Ajx1Kjq","updated_at":"2023-01-20T15:16:40Z","userId":"gpgmqF8a87SJNcw27VQBA0W78Dr1","vehicleId":"S003132","vehicleName":"Ginette","vehicle_adoption_id":"vehicle_adoption_0T10mnzyMhAzSpP2zOo7S4mF"},{"bikeId":"S003132","bikeName":"Ginette","cost":0,"currency":"EUR","endTime":"2023-01-20T14:58:51Z","lockId":"S003132","ownerId":"wg7upBQEGOYj720g3ifO0ZIJwjK2","revenue":0,"startTime":"2023-01-20T14:57:55Z","trip_id":"-NMEfuv_oQVy5kWjG7Mw","updated_at":"2023-01-20T14:58:53Z","userId":"nkG78GDnMKgzB3WoGhVcn0bVuVs2","vehicleId":"S003132","vehicleName":"Ginette","vehicle_adoption_id":"vehicle_adoption_0T10mnzyMhAzSpP2zOo7S4mF"},{"bikeId":"S003132","bikeName":"Ginette","cost":0,"currency":"EUR","discountReason":"ponyMember","endTime":"2023-01-20T12:26:48Z","lockId":"S003132","ownerId":"wg7upBQEGOYj720g3ifO0ZIJwjK2","revenue":100,"startTime":"2023-01-20T12:25:40Z","trip_id":"-NME83mfsupm6JP9GAFg","updated_at":"2023-01-20T12:26:50Z","userId":"JiI9jzHf3MeyG4J4w6QtP4ay5ej1","vehicleId":"S003132","vehicleName":"Ginette","vehicle_adoption_id":"vehicle_adoption_0T10mnzyMhAzSpP2zOo7S4mF"},{"bikeId":"S010863","bikeName":"Henriette","cost":276,"currency":"EUR","endTime":"2023-01-19T19:32:58Z","lockId":"S010863","ownerId":"wg7upBQEGOYj720g3ifO0ZIJwjK2","revenue":115,"startTime":"2023-01-19T19:25:57Z","trip_id":"-NMAUfQeYojMD9r-WL37","updated_at":"2023-01-19T19:33:00Z","userId":"CUZn3hu9GefV5s94JIeN4hUkaNn1","vehicleId":"S010863","vehicleName":"Henriette","vehicle_adoption_id":"vehicle_adoption_0TIRlT7O3BOnAWyifsi7zIY1"},{"bikeId":"S010863","bikeName":"Henriette","cost":166,"currency":"EUR","endTime":"2023-01-19T18:48:16Z","lockId":"S010863","ownerId":"wg7upBQEGOYj720g3ifO0ZIJwjK2","revenue":69.16666666666667,"startTime":"2023-01-19T18:45:16Z","trip_id":"-NMALMWyWdLZ-MehyYxG","updated_at":"2023-01-19T18:48:18Z","userId":"gDW0kM8t6gcFWP0bLe1pY6j6KDd2","vehicleId":"S010863","vehicleName":"Henriette","vehicle_adoption_id":"vehicle_adoption_0TIRlT7O3BOnAWyifsi7zIY1"},{"bikeId":"S010863","bikeName":"Henriette","cost":276,"currency":"EUR","endTime":"2023-01-19T17:31:51Z","lockId":"S010863","ownerId":"wg7upBQEGOYj720g3ifO0ZIJwjK2","revenue":115,"startTime":"2023-01-19T17:24:15Z","trip_id":"-NMA2oe3MeuVJS_x4iOe","updated_at":"2023-01-19T17:31:53Z","userId":"v4dpbP24eKNfym2MYhaKt3Blh5k2","vehicleId":"S010863","vehicleName":"Henriette","vehicle_adoption_id":"vehicle_adoption_0TIRlT7O3BOnAWyifsi7zIY1"},{"bikeId":"S010863","bikeName":"Henriette","cost":0,"currency":"EUR","endTime":"2023-01-19T17:23:46Z","lockId":"S010863","ownerId":"wg7upBQEGOYj720g3ifO0ZIJwjK2","revenue":0,"startTime":"2023-01-19T17:23:18Z","trip_id":"-NMA2axmZjhrecFd_Lw7","updated_at":"2023-01-19T17:23:47Z","userId":"v4dpbP24eKNfym2MYhaKt3Blh5k2","vehicleId":"S010863","vehicleName":"Henriette","vehicle_adoption_id":"vehicle_adoption_0TIRlT7O3BOnAWyifsi7zIY1"},{"bikeId":"S010863","bikeName":"Henriette","cost":0,"currency":"EUR","endTime":"2023-01-19T17:13:55Z","lockId":"S010863","ownerId":"wg7upBQEGOYj720g3ifO0ZIJwjK2","revenue":0,"startTime":"2023-01-19T17:13:29Z","trip_id":"-NMA0M53oMaC_GYN2idT","updated_at":"2023-01-19T17:13:57Z","userId":"tiMHRG93p4OwrVWSb6tNQFAVcxp2","vehicleId":"S010863","vehicleName":"Henriette","vehicle_adoption_id":"vehicle_adoption_0TIRlT7O3BOnAWyifsi7zIY1"},{"bikeId":"S010863","bikeName":"Henriette","cost":44,"currency":"EUR","discountReason":"ponyMember","endTime":"2023-01-19T17:12:40Z","lockId":"S010863","ownerId":"wg7upBQEGOYj720g3ifO0ZIJwjK2","revenue":50.333333333333336,"startTime":"2023-01-19T17:11:21Z","trip_id":"-NMA-rrcVUlL3iTmmaec","updated_at":"2023-01-19T17:12:42Z","userId":"tiMHRG93p4OwrVWSb6tNQFAVcxp2","vehicleId":"S010863","vehicleName":"Henriette","vehicle_adoption_id":"vehicle_adoption_0TIRlT7O3BOnAWyifsi7zIY1"},{"bikeId":"S010863","bikeName":"Henriette","cost":276,"currency":"EUR","endTime":"2023-01-19T16:53:45Z","lockId":"S010863","ownerId":"wg7upBQEGOYj720g3ifO0ZIJwjK2","revenue":115,"startTime":"2023-01-19T16:46:08Z","trip_id":"-NM9v5TpO06av5ivtOhn","updated_at":"2023-01-19T16:53:47Z","userId":"xGO13ydt4ZeVAgPKKBAvQgfyoWJ3","vehicleId":"S010863","vehicleName":"Henriette","vehicle_adoption_id":"vehicle_adoption_0TIRlT7O3BOnAWyifsi7zIY1"},{"bikeId":"S010863","bikeName":"Henriette","cost":254,"currency":"EUR","endTime":"2023-01-19T16:33:42Z","lockId":"S010863","ownerId":"wg7upBQEGOYj720g3ifO0ZIJwjK2","revenue":105.83333333333334,"startTime":"2023-01-19T16:27:18Z","trip_id":"-NM9qmUns9sMI50adcio","updated_at":"2023-01-19T16:33:44Z","userId":"RHl5Rwmg60QDA1DqkoB0T4cGF562","vehicleId":"S010863","vehicleName":"Henriette","vehicle_adoption_id":"vehicle_adoption_0TIRlT7O3BOnAWyifsi7zIY1"},{"bikeId":"S010863","bikeName":"Henriette","cost":452,"currency":"EUR","endTime":"2023-01-19T16:16:34Z","lockId":"S010863","ownerId":"wg7upBQEGOYj720g3ifO0ZIJwjK2","revenue":188.33333333333334,"startTime":"2023-01-19T16:01:22Z","trip_id":"-NM9kqaGFbf2PH5-JvS-","updated_at":"2023-01-19T16:16:36Z","userId":"DzeeeFjM0Dc7oRCegaPhuTurxBn2","vehicleId":"S010863","vehicleName":"Henriette","vehicle_adoption_id":"vehicle_adoption_0TIRlT7O3BOnAWyifsi7zIY1"},{"bikeId":"S003132","bikeName":"Ginette","cost":0,"currency":"EUR","discountReason":"ponyMember","endTime":"2023-01-19T15:08:24Z","lockId":"S003132","ownerId":"wg7upBQEGOYj720g3ifO0ZIJwjK2","revenue":100,"startTime":"2023-01-19T14:54:23Z","trip_id":"-NM9WWKfeENtZeEGFC3i","updated_at":"2023-01-19T15:08:27Z","userId":"2xaHFIKAb2WgFxRYMjIgnMzQHYN2","vehicleId":"S003132","vehicleName":"Ginette","vehicle_adoption_id":"vehicle_adoption_0T10mnzyMhAzSpP2zOo7S4mF"},{"bikeId":"S003132","bikeName":"Ginette","cost":729,"currency":"EUR","endTime":"2023-01-19T14:17:28Z","lockId":"S003132","ownerId":"wg7upBQEGOYj720g3ifO0ZIJwjK2","revenue":303.75,"startTime":"2023-01-19T13:50:47Z","trip_id":"-NM9Hxp5cZ9bjGJiH9jl","updated_at":"2023-01-19T14:17:30Z","userId":"VowcIUNxgrVKH3QxWxNuJVYb55j2","vehicleId":"S003132","vehicleName":"Ginette","vehicle_adoption_id":"vehicle_adoption_0T10mnzyMhAzSpP2zOo7S4mF"},{"bikeId":"S003132","bikeName":"Ginette","cost":405,"currency":"EUR","endTime":"2023-01-19T13:39:27Z","lockId":"S003132","ownerId":"wg7upBQEGOYj720g3ifO0ZIJwjK2","revenue":168.75,"startTime":"2023-01-19T13:25:10Z","trip_id":"-NM9C5XI8ksV3lxl4P9N","updated_at":"2023-01-19T13:39:29Z","userId":"VowcIUNxgrVKH3QxWxNuJVYb55j2","vehicleId":"S003132","vehicleName":"Ginette","vehicle_adoption_id":"vehicle_adoption_0T10mnzyMhAzSpP2zOo7S4mF"},{"bikeId":"S010863","bikeName":"Henriette","cost":408,"currency":"EUR","endTime":"2023-01-19T13:02:30Z","lockId":"S010863","ownerId":"wg7upBQEGOYj720g3ifO0ZIJwjK2","revenue":170,"startTime":"2023-01-19T12:48:51Z","trip_id":"-NM93mcgW5m7V8fFtyRX","updated_at":"2023-01-19T13:02:32Z","userId":"KarCmfKcPAMSbRaqGwG8FgV1BpB2","vehicleId":"S010863","vehicleName":"Henriette","vehicle_adoption_id":"vehicle_adoption_0TIRlT7O3BOnAWyifsi7zIY1"},{"bikeId":"S003132","bikeName":"Ginette","cost":378,"currency":"EUR","endTime":"2023-01-19T12:33:27Z","lockId":"S003132","ownerId":"wg7upBQEGOYj720g3ifO0ZIJwjK2","revenue":157.5,"startTime":"2023-01-19T12:19:55Z","trip_id":"-NM8y9jyXc-9Ue8q01gM","updated_at":"2023-01-19T12:33:29Z","userId":"3JKIsQCFfUYfSge5Mi6yrMdfwqM2","vehicleId":"S003132","vehicleName":"Ginette","vehicle_adoption_id":"vehicle_adoption_0T10mnzyMhAzSpP2zOo7S4mF"},{"bikeId":"S010863","bikeName":"Henriette","cost":0,"currency":"EUR","endTime":"2023-01-19T10:28:10Z","lockId":"S010863","ownerId":"wg7upBQEGOYj720g3ifO0ZIJwjK2","revenue":0,"startTime":"2023-01-19T10:27:47Z","trip_id":"-NM8ZV5PktksRM0kxWSL","updated_at":"2023-01-19T10:28:14Z","userId":"OU7cWRgjWFgiHpQA6u1wkwwConK2","vehicleId":"S010863","vehicleName":"Henriette","vehicle_adoption_id":"vehicle_adoption_0TIRlT7O3BOnAWyifsi7zIY1"},{"bikeId":"S010863","bikeName":"Henriette","cost":0,"currency":"EUR","endTime":"2023-01-19T10:27:35Z","lockId":"S010863","ownerId":"wg7upBQEGOYj720g3ifO0ZIJwjK2","revenue":0,"startTime":"2023-01-19T10:26:42Z","trip_id":"-NM8ZFLLSFnCzjBbISkZ","updated_at":"2023-01-19T10:27:37Z","userId":"OU7cWRgjWFgiHpQA6u1wkwwConK2","vehicleId":"S010863","vehicleName":"Henriette","vehicle_adoption_id":"vehicle_adoption_0TIRlT7O3BOnAWyifsi7zIY1"},{"bikeId":"S003132","bikeName":"Ginette","cost":0,"currency":"EUR","discountReason":"ponyMember","endTime":"2023-01-19T08:46:23Z","lockId":"S003132","ownerId":"wg7upBQEGOYj720g3ifO0ZIJwjK2","revenue":100,"startTime":"2023-01-19T08:40:27Z","trip_id":"-NM8Aw109dGG-WKlCX9m","updated_at":"2023-01-19T08:46:26Z","userId":"2Z9YRrV1wmZQ6clEkaWcuXzWsl12","vehicleId":"S003132","vehicleName":"Ginette","vehicle_adoption_id":"vehicle_adoption_0T10mnzyMhAzSpP2zOo7S4mF"},{"bikeId":"S003132","bikeName":"Ginette","cost":351,"currency":"EUR","endTime":"2023-01-19T07:43:46Z","lockId":"S003132","ownerId":"wg7upBQEGOYj720g3ifO0ZIJwjK2","revenue":146.25,"startTime":"2023-01-19T07:31:45Z","trip_id":"-NM7wCav5HDo7tzxUSne","updated_at":"2023-01-19T07:43:48Z","userId":"LEEqtoeZE7WPcxfLRQiR2t1AkWD3","vehicleId":"S003132","vehicleName":"Ginette","vehicle_adoption_id":"vehicle_adoption_0T10mnzyMhAzSpP2zOo7S4mF"},{"bikeId":"S010863","bikeName":"Henriette","cost":628,"currency":"EUR","endTime":"2023-01-18T17:28:42Z","lockId":"S010863","ownerId":"wg7upBQEGOYj720g3ifO0ZIJwjK2","revenue":261.6666666666667,"startTime":"2023-01-18T17:05:33Z","trip_id":"-NM4px2jDJiijtizBsVe","updated_at":"2023-01-18T17:28:44Z","userId":"sPl6ufRBY0b7DGqXioBBNIfkVu72","vehicleId":"S010863","vehicleName":"Henriette","vehicle_adoption_id":"vehicle_adoption_0TIRlT7O3BOnAWyifsi7zIY1"},{"bikeId":"S010863","bikeName":"Henriette","cost":264,"currency":"EUR","discountReason":"ponyMember","endTime":"2023-01-18T16:48:52Z","lockId":"S010863","ownerId":"wg7upBQEGOYj720g3ifO0ZIJwjK2","revenue":142,"startTime":"2023-01-18T16:37:16Z","trip_id":"-NM4jThHH5inMyqlzasv","updated_at":"2023-01-18T16:48:55Z","userId":"qG6dONuTgmhmu9qxd4Bewt2VfU42","vehicleId":"S010863","vehicleName":"Henriette","vehicle_adoption_id":"vehicle_adoption_0TIRlT7O3BOnAWyifsi7zIY1"},{"bikeId":"S010863","bikeName":"Henriette","cost":210,"currency":"EUR","endTime":"2023-01-18T05:37:52Z","lockId":"S010863","ownerId":"wg7upBQEGOYj720g3ifO0ZIJwjK2","revenue":87.5,"startTime":"2023-01-18T05:33:13Z","trip_id":"-NM2MUabbx2gSfcjsV9z","updated_at":"2023-01-18T05:37:55Z","userId":"yYY8srjBKVWvIuz1JFAI4CuH2Sy2","vehicleId":"S010863","vehicleName":"Henriette","vehicle_adoption_id":"vehicle_adoption_0TIRlT7O3BOnAWyifsi7zIY1"},{"bikeId":"S010863","bikeName":"Henriette","cost":166,"currency":"EUR","endTime":"2023-01-17T22:28:45Z","lockId":"S010863","ownerId":"wg7upBQEGOYj720g3ifO0ZIJwjK2","revenue":69.16666666666667,"startTime":"2023-01-17T22:26:09Z","trip_id":"-NM0pjguYxTELWbteOq8","updated_at":"2023-01-17T22:28:47Z","userId":"OyXuKxAOQOUQhoxUTitGM7MZaMB2","vehicleId":"S010863","vehicleName":"Henriette","vehicle_adoption_id":"vehicle_adoption_0TIRlT7O3BOnAWyifsi7zIY1"},{"bikeId":"S003132","bikeName":"Ginette","cost":162,"currency":"EUR","endTime":"2023-01-17T18:31:38Z","lockId":"S003132","ownerId":"wg7upBQEGOYj720g3ifO0ZIJwjK2","revenue":67.5,"startTime":"2023-01-17T18:25:39Z","trip_id":"-NM-ygjlsP_DBPtzOoY1","updated_at":"2023-01-17T18:31:40Z","userId":"CCIMJPq6MXZjlt0OqYaqq8BFitf1","vehicleId":"S003132","vehicleName":"Ginette","vehicle_adoption_id":"vehicle_adoption_0T10mnzyMhAzSpP2zOo7S4mF"},{"bikeId":"S010863","bikeName":"Henriette","cost":430,"currency":"EUR","endTime":"2023-01-17T18:26:15Z","lockId":"S010863","ownerId":"wg7upBQEGOYj720g3ifO0ZIJwjK2","revenue":179.16666666666669,"startTime":"2023-01-17T18:11:17Z","trip_id":"-NM-vP702lqxldwvnLcx","updated_at":"2023-01-17T18:26:20Z","userId":"T2sFbvWWRohKS5sPZQFYClaHJG12","vehicleId":"S010863","vehicleName":"Henriette","vehicle_adoption_id":"vehicle_adoption_0TIRlT7O3BOnAWyifsi7zIY1"},{"bikeId":"S003132","bikeName":"Ginette","cost":135,"currency":"EUR","endTime":"2023-01-17T17:44:38Z","lockId":"S003132","ownerId":"wg7upBQEGOYj720g3ifO0ZIJwjK2","revenue":56.25,"startTime":"2023-01-17T17:40:25Z","trip_id":"-NM-oL7JnEBmJKL2n9xE","updated_at":"2023-01-17T17:44:40Z","userId":"CCIMJPq6MXZjlt0OqYaqq8BFitf1","vehicleId":"S003132","vehicleName":"Ginette","vehicle_adoption_id":"vehicle_adoption_0T10mnzyMhAzSpP2zOo7S4mF"},{"bikeId":"S010863","bikeName":"Henriette","cost":188,"currency":"EUR","endTime":"2023-01-17T15:39:45Z","lockId":"S010863","ownerId":"wg7upBQEGOYj720g3ifO0ZIJwjK2","revenue":78.33333333333334,"startTime":"2023-01-17T15:36:30Z","trip_id":"-NM-Myu8XX_sNggRkCX5","updated_at":"2023-01-17T15:39:47Z","userId":"RH7gIGeK5nhdRkkCnY1UnqS28y02","vehicleId":"S010863","vehicleName":"Henriette","vehicle_adoption_id":"vehicle_adoption_0TIRlT7O3BOnAWyifsi7zIY1"},{"bikeId":"S010863","bikeName":"Henriette","cost":232,"currency":"EUR","endTime":"2023-01-17T14:54:58Z","lockId":"S010863","ownerId":"wg7upBQEGOYj720g3ifO0ZIJwjK2","revenue":96.66666666666667,"startTime":"2023-01-17T14:49:08Z","trip_id":"-NM-C847usI6BlE6uuPI","updated_at":"2023-01-17T14:55:00Z","userId":"RH7gIGeK5nhdRkkCnY1UnqS28y02","vehicleId":"S010863","vehicleName":"Henriette","vehicle_adoption_id":"vehicle_adoption_0TIRlT7O3BOnAWyifsi7zIY1"},{"bikeId":"S010863","bikeName":"Henriette","cost":188,"currency":"EUR","endTime":"2023-01-17T00:40:29Z","lockId":"S010863","ownerId":"wg7upBQEGOYj720g3ifO0ZIJwjK2","revenue":78.33333333333334,"startTime":"2023-01-17T00:36:39Z","trip_id":"-NLx90_gCXhjBZpfyYKX","updated_at":"2023-01-17T00:40:35Z","userId":"RH7gIGeK5nhdRkkCnY1UnqS28y02","vehicleId":"S010863","vehicleName":"Henriette","vehicle_adoption_id":"vehicle_adoption_0TIRlT7O3BOnAWyifsi7zIY1"},{"bikeId":"S010863","bikeName":"Henriette","cost":232,"currency":"EUR","endTime":"2023-01-17T00:33:57Z","lockId":"S010863","ownerId":"wg7upBQEGOYj720g3ifO0ZIJwjK2","revenue":96.66666666666667,"startTime":"2023-01-17T00:28:09Z","trip_id":"-NLx73uh17-hxc1K0fQj","updated_at":"2023-01-17T00:33:59Z","userId":"RH7gIGeK5nhdRkkCnY1UnqS28y02","vehicleId":"S010863","vehicleName":"Henriette","vehicle_adoption_id":"vehicle_adoption_0TIRlT7O3BOnAWyifsi7zIY1"},{"bikeId":"S010863","bikeName":"Henriette","cost":188,"currency":"EUR","endTime":"2023-01-16T21:34:33Z","lockId":"S010863","ownerId":"wg7upBQEGOYj720g3ifO0ZIJwjK2","revenue":78.33333333333334,"startTime":"2023-01-16T21:31:08Z","trip_id":"-NLwUZ3xAc8jVUTWDLt2","updated_at":"2023-01-16T21:34:35Z","userId":"RH7gIGeK5nhdRkkCnY1UnqS28y02","vehicleId":"S010863","vehicleName":"Henriette","vehicle_adoption_id":"vehicle_adoption_0TIRlT7O3BOnAWyifsi7zIY1"},{"bikeId":"S010863","bikeName":"Henriette","cost":672,"currency":"EUR","endTime":"2023-01-16T19:05:17Z","lockId":"S010863","ownerId":"wg7upBQEGOYj720g3ifO0ZIJwjK2","revenue":280,"startTime":"2023-01-16T18:40:02Z","trip_id":"-NLvsOfS-88baNev58Fh","updated_at":"2023-01-16T19:05:19Z","userId":"vadrQXesO6aBvvq5MgewrEarYzJ3","vehicleId":"S010863","vehicleName":"Henriette","vehicle_adoption_id":"vehicle_adoption_0TIRlT7O3BOnAWyifsi7zIY1"},{"bikeId":"S010863","bikeName":"Henriette","cost":760,"currency":"EUR","endTime":"2023-01-16T13:19:59Z","lockId":"S010863","ownerId":"wg7upBQEGOYj720g3ifO0ZIJwjK2","revenue":316.6666666666667,"startTime":"2023-01-16T12:50:36Z","trip_id":"-NLucQ3fATbWZFWTxhSi","updated_at":"2023-01-16T13:20:02Z","userId":"7hp1vQXZPaex3p3JHQnpPGve4h62","vehicleId":"S010863","vehicleName":"Henriette","vehicle_adoption_id":"vehicle_adoption_0TIRlT7O3BOnAWyifsi7zIY1"},{"bikeId":"S010863","bikeName":"Henriette","cost":166,"currency":"EUR","endTime":"2023-01-16T11:51:05Z","lockId":"S010863","ownerId":"wg7upBQEGOYj720g3ifO0ZIJwjK2","revenue":69.16666666666667,"startTime":"2023-01-16T11:48:37Z","trip_id":"-NLuPE5bF8YFH-3W0msi","updated_at":"2023-01-16T11:51:07Z","userId":"vtbHBJM2ngdxkJIi8vFS6WyNiyt2","vehicleId":"S010863","vehicleName":"Henriette","vehicle_adoption_id":"vehicle_adoption_0TIRlT7O3BOnAWyifsi7zIY1"},{"bikeId":"S010863","bikeName":"Henriette","cost":188,"currency":"EUR","endTime":"2023-01-16T10:13:18Z","lockId":"S010863","ownerId":"wg7upBQEGOYj720g3ifO0ZIJwjK2","revenue":78.33333333333334,"startTime":"2023-01-16T10:10:15Z","trip_id":"-NLu2i0pxfNXqmZ-pFj7","updated_at":"2023-01-16T10:13:20Z","userId":"vtbHBJM2ngdxkJIi8vFS6WyNiyt2","vehicleId":"S010863","vehicleName":"Henriette","vehicle_adoption_id":"vehicle_adoption_0TIRlT7O3BOnAWyifsi7zIY1"},{"bikeId":"S010863","bikeName":"Henriette","cost":276,"currency":"EUR","endTime":"2023-01-15T13:53:02Z","lockId":"S010863","ownerId":"wg7upBQEGOYj720g3ifO0ZIJwjK2","revenue":115,"startTime":"2023-01-15T13:45:23Z","trip_id":"-NLpfMiVMVIkBhSjhEuI","updated_at":"2023-01-15T13:53:05Z","userId":"CNU2N9E2sjNLTb7itxy9KZebAPi1","vehicleId":"S010863","vehicleName":"Henriette","vehicle_adoption_id":"vehicle_adoption_0TIRlT7O3BOnAWyifsi7zIY1"},{"bikeId":"S003132","bikeName":"Ginette","cost":783,"currency":"EUR","endTime":"2023-01-15T13:12:18Z","lockId":"S003132","ownerId":"wg7upBQEGOYj720g3ifO0ZIJwjK2","revenue":326.25,"startTime":"2023-01-15T12:43:18Z","trip_id":"-NLpS9DBVSkZKzuE9dcS","updated_at":"2023-01-15T13:12:20Z","userId":"vxHabe82qbT0RrZhLit8QUcCkKB3","vehicleId":"S003132","vehicleName":"Ginette","vehicle_adoption_id":"vehicle_adoption_0T10mnzyMhAzSpP2zOo7S4mF"},{"bikeId":"S003132","bikeName":"Ginette","cost":108,"currency":"EUR","endTime":"2023-01-15T12:34:20Z","lockId":"S003132","ownerId":"wg7upBQEGOYj720g3ifO0ZIJwjK2","revenue":45,"startTime":"2023-01-15T12:31:16Z","trip_id":"-NLpPOu5K1_f7I512EDS","updated_at":"2023-01-15T12:34:22Z","userId":"NCB6Nb5Qcqfu0RSpxdNDvXZcRTq2","vehicleId":"S003132","vehicleName":"Ginette","vehicle_adoption_id":"vehicle_adoption_0T10mnzyMhAzSpP2zOo7S4mF"},{"bikeId":"S003132","bikeName":"Ginette","cost":135,"currency":"EUR","endTime":"2023-01-15T11:54:56Z","lockId":"S003132","ownerId":"wg7upBQEGOYj720g3ifO0ZIJwjK2","revenue":56.25,"startTime":"2023-01-15T11:50:50Z","trip_id":"-NLpG8cMAiupK78z5Nsh","updated_at":"2023-01-15T11:54:58Z","userId":"vFs78DqqyLUKJj36PPCGpUIwspB3","vehicleId":"S003132","vehicleName":"Ginette","vehicle_adoption_id":"vehicle_adoption_0T10mnzyMhAzSpP2zOo7S4mF"},{"bikeId":"S003132","bikeName":"Ginette","cost":0,"currency":"EUR","discountReason":"ponyMember","endTime":"2023-01-15T03:17:18Z","lockId":"S003132","ownerId":"wg7upBQEGOYj720g3ifO0ZIJwjK2","revenue":100,"startTime":"2023-01-15T02:41:33Z","trip_id":"-NLnIQfeApeIrsxgltFN","updated_at":"2023-01-15T03:17:24Z","userId":"3o0MmGOlFKNfQSCOCQA3db7BMfx1","vehicleId":"S003132","vehicleName":"Ginette","vehicle_adoption_id":"vehicle_adoption_0T10mnzyMhAzSpP2zOo7S4mF"},{"bikeId":"S003132","bikeName":"Ginette","cost":200,"currency":"EUR","endTime":"2023-01-15T02:08:47Z","lockId":"S003132","ownerId":"wg7upBQEGOYj720g3ifO0ZIJwjK2","revenue":83.33333333333334,"startTime":"2023-01-15T02:05:14Z","trip_id":"-NLnA6WNwfDUYMbml_wj","updated_at":"2023-01-15T02:08:49Z","userId":"Y7yu2ZneeZgWGxklsZm28WSpXsv1","vehicleId":"S003132","vehicleName":"Ginette","vehicle_adoption_id":"vehicle_adoption_0T10mnzyMhAzSpP2zOo7S4mF"},{"bikeId":"S010863","bikeName":"Henriette","cost":254,"currency":"EUR","endTime":"2023-01-14T09:41:10Z","lockId":"S010863","ownerId":"wg7upBQEGOYj720g3ifO0ZIJwjK2","revenue":105.83333333333334,"startTime":"2023-01-14T09:34:35Z","trip_id":"-NLjcNEpSbOxgSbyiKco","updated_at":"2023-01-14T09:41:12Z","userId":"K3aVYchBpHVT5YAUOCu0DBr8fX63","vehicleId":"S010863","vehicleName":"Henriette","vehicle_adoption_id":"vehicle_adoption_0TIRlT7O3BOnAWyifsi7zIY1"},{"bikeId":"S010863","bikeName":"Henriette","cost":276,"currency":"EUR","endTime":"2023-01-14T08:26:41Z","lockId":"S010863","ownerId":"wg7upBQEGOYj720g3ifO0ZIJwjK2","revenue":115,"startTime":"2023-01-14T08:18:48Z","trip_id":"-NLjM18XCs8XMqLXAa8w","updated_at":"2023-01-14T08:26:44Z","userId":"K3aVYchBpHVT5YAUOCu0DBr8fX63","vehicleId":"S010863","vehicleName":"Henriette","vehicle_adoption_id":"vehicle_adoption_0TIRlT7O3BOnAWyifsi7zIY1"},{"bikeId":"S010863","bikeName":"Henriette","cost":320,"currency":"EUR","endTime":"2023-01-13T21:20:26Z","lockId":"S010863","ownerId":"wg7upBQEGOYj720g3ifO0ZIJwjK2","revenue":133.33333333333334,"startTime":"2023-01-13T21:10:30Z","trip_id":"-NLgy3VSg29n9BPCzZZ3","updated_at":"2023-01-13T21:20:28Z","userId":"0xdeAnVmOlXzSX4hKvFjBmI5ck23","vehicleId":"S010863","vehicleName":"Henriette","vehicle_adoption_id":"vehicle_adoption_0TIRlT7O3BOnAWyifsi7zIY1"},{"bikeId":"S010863","bikeName":"Henriette","cost":254,"currency":"EUR","endTime":"2023-01-13T20:12:25Z","lockId":"S010863","ownerId":"wg7upBQEGOYj720g3ifO0ZIJwjK2","revenue":105.83333333333334,"startTime":"2023-01-13T20:05:54Z","trip_id":"-NLgjHBFDAkr34btpmkw","updated_at":"2023-01-13T20:12:27Z","userId":"YwKnr603uieTvQItr6Tb1DfBv102","vehicleId":"S010863","vehicleName":"Henriette","vehicle_adoption_id":"vehicle_adoption_0TIRlT7O3BOnAWyifsi7zIY1"},{"bikeId":"S010863","bikeName":"Henriette","cost":606,"currency":"EUR","endTime":"2023-01-13T18:38:14Z","lockId":"S010863","ownerId":"wg7upBQEGOYj720g3ifO0ZIJwjK2","revenue":252.5,"startTime":"2023-01-13T18:15:19Z","trip_id":"-NLgKyCn8lINSZHAc0Ah","updated_at":"2023-01-13T18:38:16Z","userId":"GHrAB0OFN1SDVLznJdioWuilI7V2","vehicleId":"S010863","vehicleName":"Henriette","vehicle_adoption_id":"vehicle_adoption_0TIRlT7O3BOnAWyifsi7zIY1"},{"bikeId":"S003132","bikeName":"Ginette","cost":189,"currency":"EUR","endTime":"2023-01-13T12:22:37Z","lockId":"S003132","ownerId":"wg7upBQEGOYj720g3ifO0ZIJwjK2","revenue":78.75,"startTime":"2023-01-13T12:16:10Z","trip_id":"-NLf2lOW9KzJUZ5rY6C-","updated_at":"2023-01-13T12:22:39Z","userId":"qL5qpREgkWMzb9zzmvwHZrafs5M2","vehicleId":"S003132","vehicleName":"Ginette","vehicle_adoption_id":"vehicle_adoption_0T10mnzyMhAzSpP2zOo7S4mF"},{"bikeId":"S003132","bikeName":"Ginette","cost":216,"currency":"EUR","endTime":"2023-01-13T12:15:30Z","lockId":"S003132","ownerId":"wg7upBQEGOYj720g3ifO0ZIJwjK2","revenue":90,"startTime":"2023-01-13T12:07:41Z","trip_id":"-NLf0oy5_gqy_v09qRli","updated_at":"2023-01-13T12:15:32Z","userId":"qL5qpREgkWMzb9zzmvwHZrafs5M2","vehicleId":"S003132","vehicleName":"Ginette","vehicle_adoption_id":"vehicle_adoption_0T10mnzyMhAzSpP2zOo7S4mF"},{"bikeId":"S003132","bikeName":"Ginette","cost":108,"currency":"EUR","endTime":"2023-01-13T11:54:23Z","lockId":"S003132","ownerId":"wg7upBQEGOYj720g3ifO0ZIJwjK2","revenue":45,"startTime":"2023-01-13T11:50:39Z","trip_id":"-NLexvYrIij_90lgAF93","updated_at":"2023-01-13T11:54:25Z","userId":"KXumo0SVjUOJKH337YK1ka5PrrW2","vehicleId":"S003132","vehicleName":"Ginette","vehicle_adoption_id":"vehicle_adoption_0T10mnzyMhAzSpP2zOo7S4mF"},{"bikeId":"S003132","bikeName":"Ginette","cost":0,"currency":"EUR","discountReason":"ponyMember","endTime":"2023-01-13T02:11:38Z","lockId":"S003132","ownerId":"wg7upBQEGOYj720g3ifO0ZIJwjK2","revenue":100,"startTime":"2023-01-13T01:55:06Z","trip_id":"-NLcpb_BIGBElbxfmb6G","updated_at":"2023-01-13T02:11:40Z","userId":"76CJ7xjprJdZoJoMfLlW1qZ9fWm2","vehicleId":"S003132","vehicleName":"Ginette","vehicle_adoption_id":"vehicle_adoption_0T10mnzyMhAzSpP2zOo7S4mF"},{"bikeId":"S003132","bikeName":"Ginette","cost":0,"currency":"EUR","discountReason":"ponyMember","endTime":"2023-01-13T01:54:38Z","lockId":"S003132","ownerId":"wg7upBQEGOYj720g3ifO0ZIJwjK2","revenue":100,"startTime":"2023-01-13T01:42:43Z","trip_id":"-NLcmmJacFy4WXor3EvO","updated_at":"2023-01-13T01:54:43Z","userId":"76CJ7xjprJdZoJoMfLlW1qZ9fWm2","vehicleId":"S003132","vehicleName":"Ginette","vehicle_adoption_id":"vehicle_adoption_0T10mnzyMhAzSpP2zOo7S4mF"},{"bikeId":"S003132","bikeName":"Ginette","cost":100,"currency":"EUR","endTime":"2023-01-13T01:23:32Z","lockId":"S003132","ownerId":"wg7upBQEGOYj720g3ifO0ZIJwjK2","revenue":41.66666666666667,"startTime":"2023-01-13T01:21:32Z","trip_id":"-NLchvxa_087WSNHPrzi","updated_at":"2023-01-13T01:23:34Z","userId":"TTE51Hg6RsVy0iixQ3dkf014gtk1","vehicleId":"S003132","vehicleName":"Ginette","vehicle_adoption_id":"vehicle_adoption_0T10mnzyMhAzSpP2zOo7S4mF"},{"bikeId":"S003132","bikeName":"Ginette","cost":0,"currency":"EUR","discountReason":"ponyMember","endTime":"2023-01-12T23:25:15Z","lockId":"S003132","ownerId":"wg7upBQEGOYj720g3ifO0ZIJwjK2","revenue":100,"startTime":"2023-01-12T23:16:37Z","trip_id":"-NLcGL9aqrE-XEBha8K2","updated_at":"2023-01-12T23:25:17Z","userId":"rRgf1W31WTbM63upAfa60iJTZt32","vehicleId":"S003132","vehicleName":"Ginette","vehicle_adoption_id":"vehicle_adoption_0T10mnzyMhAzSpP2zOo7S4mF"},{"bikeId":"S003132","bikeName":"Ginette","cost":250,"currency":"EUR","endTime":"2023-01-12T21:19:46Z","lockId":"S003132","ownerId":"wg7upBQEGOYj720g3ifO0ZIJwjK2","revenue":104.16666666666667,"startTime":"2023-01-12T21:15:21Z","trip_id":"-NLbp_nk2O_eIBlbcQo3","updated_at":"2023-01-12T21:19:48Z","userId":"EFqHdDypGpaSHXxX3XiLJvh02w52","vehicleId":"S003132","vehicleName":"Ginette","vehicle_adoption_id":"vehicle_adoption_0T10mnzyMhAzSpP2zOo7S4mF"},{"bikeId":"S010863","bikeName":"Henriette","cost":0,"currency":"EUR","endTime":"2023-01-12T12:14:23Z","lockId":"S010863","ownerId":"wg7upBQEGOYj720g3ifO0ZIJwjK2","revenue":0,"startTime":"2023-01-12T12:14:02Z","trip_id":"-NL_tgMe7RoHlWj0mUOc","updated_at":"2023-01-12T12:14:25Z","userId":"GHrAB0OFN1SDVLznJdioWuilI7V2","vehicleId":"S010863","vehicleName":"Henriette","vehicle_adoption_id":"vehicle_adoption_0TIRlT7O3BOnAWyifsi7zIY1"},{"bikeId":"S010863","bikeName":"Henriette","cost":320,"currency":"EUR","endTime":"2023-01-11T19:13:36Z","lockId":"S010863","ownerId":"wg7upBQEGOYj720g3ifO0ZIJwjK2","revenue":133.33333333333334,"startTime":"2023-01-11T19:03:43Z","trip_id":"-NLXCroru0i7tMkgv6CN","updated_at":"2023-01-11T19:13:40Z","userId":"GHrAB0OFN1SDVLznJdioWuilI7V2","vehicleId":"S010863","vehicleName":"Henriette","vehicle_adoption_id":"vehicle_adoption_0TIRlT7O3BOnAWyifsi7zIY1"},{"bikeId":"S010863","bikeName":"Henriette","cost":386,"currency":"EUR","endTime":"2023-01-11T19:02:44Z","lockId":"S010863","ownerId":"wg7upBQEGOYj720g3ifO0ZIJwjK2","revenue":160.83333333333334,"startTime":"2023-01-11T18:50:04Z","trip_id":"-NLX9jpp3Xn17Oi3kEif","updated_at":"2023-01-11T19:02:48Z","userId":"GHrAB0OFN1SDVLznJdioWuilI7V2","vehicleId":"S010863","vehicleName":"Henriette","vehicle_adoption_id":"vehicle_adoption_0TIRlT7O3BOnAWyifsi7zIY1"},{"bikeId":"S003132","bikeName":"Ginette","cost":135,"currency":"EUR","endTime":"2023-01-11T17:54:39Z","lockId":"S003132","ownerId":"wg7upBQEGOYj720g3ifO0ZIJwjK2","revenue":56.25,"startTime":"2023-01-11T17:50:19Z","trip_id":"-NLWx3bF-i9P1utI2Wa4","updated_at":"2023-01-11T17:54:42Z","userId":"bIgq0uxIgidIq2O1EaaK0qVOZLo1","vehicleId":"S003132","vehicleName":"Ginette","vehicle_adoption_id":"vehicle_adoption_0T10mnzyMhAzSpP2zOo7S4mF"},{"bikeId":"S003132","bikeName":"Ginette","cost":189,"currency":"EUR","endTime":"2023-01-11T17:37:16Z","lockId":"S003132","ownerId":"wg7upBQEGOYj720g3ifO0ZIJwjK2","revenue":78.75,"startTime":"2023-01-11T17:30:50Z","trip_id":"-NLWsb9rB3KxDbn3JJOq","updated_at":"2023-01-11T17:37:18Z","userId":"xUSNMP8sT7derZKEW7SdZdh4TPA3","vehicleId":"S003132","vehicleName":"Ginette","vehicle_adoption_id":"vehicle_adoption_0T10mnzyMhAzSpP2zOo7S4mF"},{"bikeId":"S010863","bikeName":"Henriette","cost":254,"currency":"EUR","endTime":"2023-01-11T12:16:36Z","lockId":"S010863","ownerId":"wg7upBQEGOYj720g3ifO0ZIJwjK2","revenue":105.83333333333334,"startTime":"2023-01-11T12:10:27Z","trip_id":"-NLVjH6F_2uLZqAwT54u","updated_at":"2023-01-11T12:16:38Z","userId":"GHrAB0OFN1SDVLznJdioWuilI7V2","vehicleId":"S010863","vehicleName":"Henriette","vehicle_adoption_id":"vehicle_adoption_0TIRlT7O3BOnAWyifsi7zIY1"},{"bikeId":"S010863","bikeName":"Henriette","cost":166,"currency":"EUR","endTime":"2023-01-11T09:58:15Z","lockId":"S010863","ownerId":"wg7upBQEGOYj720g3ifO0ZIJwjK2","revenue":69.16666666666667,"startTime":"2023-01-11T09:55:36Z","trip_id":"-NLVFPmE7b5YR3cS0wbq","updated_at":"2023-01-11T09:58:17Z","userId":"4W2rKyHZjlQkT45W4CTZQTYwm0Y2","vehicleId":"S010863","vehicleName":"Henriette","vehicle_adoption_id":"vehicle_adoption_0TIRlT7O3BOnAWyifsi7zIY1"},{"bikeId":"S010863","bikeName":"Henriette","cost":210,"currency":"EUR","endTime":"2023-01-11T00:13:17Z","lockId":"S010863","ownerId":"wg7upBQEGOYj720g3ifO0ZIJwjK2","revenue":87.5,"startTime":"2023-01-11T00:09:11Z","trip_id":"-NLT9Bil09hBzBa2dcOF","updated_at":"2023-01-11T00:13:20Z","userId":"l2XK19F80cclFpTHZc9FMX0ZMf93","vehicleId":"S010863","vehicleName":"Henriette","vehicle_adoption_id":"vehicle_adoption_0TIRlT7O3BOnAWyifsi7zIY1"},{"bikeId":"S010863","bikeName":"Henriette","cost":210,"currency":"EUR","endTime":"2023-01-10T22:13:01Z","lockId":"S010863","ownerId":"wg7upBQEGOYj720g3ifO0ZIJwjK2","revenue":87.5,"startTime":"2023-01-10T22:08:57Z","trip_id":"-NLSifRx7oxwQDOX3C7o","updated_at":"2023-01-10T22:13:05Z","userId":"GHrAB0OFN1SDVLznJdioWuilI7V2","vehicleId":"S010863","vehicleName":"Henriette","vehicle_adoption_id":"vehicle_adoption_0TIRlT7O3BOnAWyifsi7zIY1"},{"bikeId":"S010863","bikeName":"Henriette","cost":0,"currency":"EUR","endTime":"2023-01-10T22:07:10Z","lockId":"S010863","ownerId":"wg7upBQEGOYj720g3ifO0ZIJwjK2","revenue":0,"startTime":"2023-01-10T22:06:50Z","trip_id":"-NLSiBQuloGcbQ9NCQFp","updated_at":"2023-01-10T22:07:12Z","userId":"QqypZIlSaUeLuAMFG0h3DXvVvA53","vehicleId":"S010863","vehicleName":"Henriette","vehicle_adoption_id":"vehicle_adoption_0TIRlT7O3BOnAWyifsi7zIY1"},{"bikeId":"S010863","bikeName":"Henriette","cost":0,"currency":"EUR","endTime":"2023-01-10T22:05:36Z","lockId":"S010863","ownerId":"wg7upBQEGOYj720g3ifO0ZIJwjK2","revenue":0,"startTime":"2023-01-10T22:04:49Z","trip_id":"-NLShikliPM0ZYAw-BV9","updated_at":"2023-01-10T22:05:38Z","userId":"QqypZIlSaUeLuAMFG0h3DXvVvA53","vehicleId":"S010863","vehicleName":"Henriette","vehicle_adoption_id":"vehicle_adoption_0TIRlT7O3BOnAWyifsi7zIY1"},{"bikeId":"S003132","bikeName":"Ginette","cost":108,"currency":"EUR","endTime":"2023-01-10T19:03:50Z","lockId":"S003132","ownerId":"wg7upBQEGOYj720g3ifO0ZIJwjK2","revenue":45,"startTime":"2023-01-10T19:00:14Z","trip_id":"-NLS2U4fzKLZkjQvl0MT","updated_at":"2023-01-10T19:03:52Z","userId":"WeyVwfGNSrd3jJGl4SkD9Q6Z3JH2","vehicleId":"S003132","vehicleName":"Ginette","vehicle_adoption_id":"vehicle_adoption_0T10mnzyMhAzSpP2zOo7S4mF"},{"bikeId":"S003132","bikeName":"Ginette","cost":837,"currency":"EUR","endTime":"2023-01-10T15:00:36Z","lockId":"S003132","ownerId":"wg7upBQEGOYj720g3ifO0ZIJwjK2","revenue":348.75,"startTime":"2023-01-10T14:30:02Z","trip_id":"-NLR4cuQ0_Ablt1otmaH","updated_at":"2023-01-10T15:00:39Z","userId":"QA8uBIfbkpUwzaNltO8FvjmAZAw2","vehicleId":"S003132","vehicleName":"Ginette","vehicle_adoption_id":"vehicle_adoption_0T10mnzyMhAzSpP2zOo7S4mF"},{"bikeId":"S010863","bikeName":"Henriette","cost":254,"currency":"EUR","endTime":"2023-01-10T12:35:03Z","lockId":"S010863","ownerId":"wg7upBQEGOYj720g3ifO0ZIJwjK2","revenue":105.83333333333334,"startTime":"2023-01-10T12:28:40Z","trip_id":"-NLQdrDBzWMcSWkT71Lk","updated_at":"2023-01-10T12:35:05Z","userId":"GHrAB0OFN1SDVLznJdioWuilI7V2","vehicleId":"S010863","vehicleName":"Henriette","vehicle_adoption_id":"vehicle_adoption_0TIRlT7O3BOnAWyifsi7zIY1"},{"bikeId":"S003132","bikeName":"Ginette","cost":108,"currency":"EUR","endTime":"2023-01-10T06:05:09Z","lockId":"S003132","ownerId":"wg7upBQEGOYj720g3ifO0ZIJwjK2","revenue":45,"startTime":"2023-01-10T06:01:41Z","trip_id":"-NLPGHSbKEFdJJgfY4QO","updated_at":"2023-01-10T06:05:12Z","userId":"vyzzhrmc6UfRzhHbx4j2Y7xzzqh1","vehicleId":"S003132","vehicleName":"Ginette","vehicle_adoption_id":"vehicle_adoption_0T10mnzyMhAzSpP2zOo7S4mF"},{"bikeId":"S003132","bikeName":"Ginette","cost":0,"currency":"EUR","discountReason":"ponyMember","endTime":"2023-01-09T22:27:59Z","lockId":"S003132","ownerId":"wg7upBQEGOYj720g3ifO0ZIJwjK2","revenue":100,"startTime":"2023-01-09T22:11:47Z","trip_id":"-NLN_jFBh-FSwHtjTqGD","updated_at":"2023-01-09T22:28:01Z","userId":"3KvHUbulyIPwaLBHmFbWgwQ16Cb2","vehicleId":"S003132","vehicleName":"Ginette","vehicle_adoption_id":"vehicle_adoption_0T10mnzyMhAzSpP2zOo7S4mF"},{"bikeId":"S010863","bikeName":"Henriette","cost":254,"currency":"EUR","endTime":"2023-01-09T22:08:46Z","lockId":"S010863","ownerId":"wg7upBQEGOYj720g3ifO0ZIJwjK2","revenue":105.83333333333334,"startTime":"2023-01-09T22:02:42Z","trip_id":"-NLNYe8QkCiXLCkA660n","updated_at":"2023-01-09T22:08:48Z","userId":"GHrAB0OFN1SDVLznJdioWuilI7V2","vehicleId":"S010863","vehicleName":"Henriette","vehicle_adoption_id":"vehicle_adoption_0TIRlT7O3BOnAWyifsi7zIY1"},{"bikeId":"S003132","bikeName":"Ginette","cost":0,"currency":"EUR","discountReason":"ponyMember","endTime":"2023-01-09T19:34:02Z","lockId":"S003132","ownerId":"wg7upBQEGOYj720g3ifO0ZIJwjK2","revenue":100,"startTime":"2023-01-09T19:17:36Z","trip_id":"-NLMxrh6kXpLSzrl2RxG","updated_at":"2023-01-09T19:34:05Z","userId":"3KvHUbulyIPwaLBHmFbWgwQ16Cb2","vehicleId":"S003132","vehicleName":"Ginette","vehicle_adoption_id":"vehicle_adoption_0T10mnzyMhAzSpP2zOo7S4mF"},{"bikeId":"S003132","bikeName":"Ginette","cost":54,"currency":"EUR","endTime":"2023-01-09T18:25:58Z","lockId":"S003132","ownerId":"wg7upBQEGOYj720g3ifO0ZIJwjK2","revenue":22.5,"startTime":"2023-01-09T18:24:36Z","trip_id":"-NLMljMn_ccfKx_jp9tq","updated_at":"2023-01-09T18:26:00Z","userId":"d1UmJ0iR2URb7YDVyKHZDEELz8E3","vehicleId":"S003132","vehicleName":"Ginette","vehicle_adoption_id":"vehicle_adoption_0T10mnzyMhAzSpP2zOo7S4mF"},{"bikeId":"S003132","bikeName":"Ginette","cost":81,"currency":"EUR","endTime":"2023-01-09T17:35:18Z","lockId":"S003132","ownerId":"wg7upBQEGOYj720g3ifO0ZIJwjK2","revenue":33.75,"startTime":"2023-01-09T17:32:46Z","trip_id":"-NLM_s-nc0JPvlRubYw_","updated_at":"2023-01-09T17:35:20Z","userId":"cw5g7XsHL7TRmWYICKWq6IImbAD3","vehicleId":"S003132","vehicleName":"Ginette","vehicle_adoption_id":"vehicle_adoption_0T10mnzyMhAzSpP2zOo7S4mF"},{"bikeId":"S010863","bikeName":"Henriette","cost":232,"currency":"EUR","endTime":"2023-01-09T14:23:08Z","lockId":"S010863","ownerId":"wg7upBQEGOYj720g3ifO0ZIJwjK2","revenue":96.66666666666667,"startTime":"2023-01-09T14:18:06Z","trip_id":"-NLLtJXgeyOGsR_F1Qng","updated_at":"2023-01-09T14:23:11Z","userId":"GHrAB0OFN1SDVLznJdioWuilI7V2","vehicleId":"S010863","vehicleName":"Henriette","vehicle_adoption_id":"vehicle_adoption_0TIRlT7O3BOnAWyifsi7zIY1"},{"bikeId":"S003132","bikeName":"Ginette","cost":135,"currency":"EUR","endTime":"2023-01-09T11:43:25Z","lockId":"S003132","ownerId":"wg7upBQEGOYj720g3ifO0ZIJwjK2","revenue":56.25,"startTime":"2023-01-09T11:38:35Z","trip_id":"-NLLJngaJp4yW32aKydL","updated_at":"2023-01-09T11:43:29Z","userId":"iEwOen57AbR7GjgQIOjm2L4KkEJ2","vehicleId":"S003132","vehicleName":"Ginette","vehicle_adoption_id":"vehicle_adoption_0T10mnzyMhAzSpP2zOo7S4mF"},{"bikeId":"S003132","bikeName":"Ginette","cost":108,"currency":"EUR","endTime":"2023-01-09T11:36:39Z","lockId":"S003132","ownerId":"wg7upBQEGOYj720g3ifO0ZIJwjK2","revenue":45,"startTime":"2023-01-09T11:33:00Z","trip_id":"-NLLIX6W3zFHJioXgjqB","updated_at":"2023-01-09T11:36:41Z","userId":"iEwOen57AbR7GjgQIOjm2L4KkEJ2","vehicleId":"S003132","vehicleName":"Ginette","vehicle_adoption_id":"vehicle_adoption_0T10mnzyMhAzSpP2zOo7S4mF"},{"bikeId":"S010863","bikeName":"Henriette","cost":276,"currency":"EUR","endTime":"2023-01-09T10:27:46Z","lockId":"S010863","ownerId":"wg7upBQEGOYj720g3ifO0ZIJwjK2","revenue":115,"startTime":"2023-01-09T10:19:53Z","trip_id":"-NLL1mymRki022ssCodY","updated_at":"2023-01-09T10:27:49Z","userId":"qomSNlOEh5haflzYgYkVYp2u6YB3","vehicleId":"S010863","vehicleName":"Henriette","vehicle_adoption_id":"vehicle_adoption_0TIRlT7O3BOnAWyifsi7zIY1"},{"bikeId":"S010863","bikeName":"Henriette","cost":188,"currency":"EUR","endTime":"2023-01-09T09:46:54Z","lockId":"S010863","ownerId":"wg7upBQEGOYj720g3ifO0ZIJwjK2","revenue":78.33333333333334,"startTime":"2023-01-09T09:43:48Z","trip_id":"-NLKuXN_oJ-qauW9zLVn","updated_at":"2023-01-09T09:46:56Z","userId":"uMVGIA13mZT2eqLEwes5FoBcNAu1","vehicleId":"S010863","vehicleName":"Henriette","vehicle_adoption_id":"vehicle_adoption_0TIRlT7O3BOnAWyifsi7zIY1"},{"bikeId":"S003132","bikeName":"Ginette","cost":250,"currency":"EUR","endTime":"2023-01-08T20:39:25Z","lockId":"S003132","ownerId":"wg7upBQEGOYj720g3ifO0ZIJwjK2","revenue":104.16666666666667,"startTime":"2023-01-08T20:35:14Z","trip_id":"-NLI529xC_IPoac9iAxZ","updated_at":"2023-01-08T20:39:27Z","userId":"cw5g7XsHL7TRmWYICKWq6IImbAD3","vehicleId":"S003132","vehicleName":"Ginette","vehicle_adoption_id":"vehicle_adoption_0T10mnzyMhAzSpP2zOo7S4mF"},{"bikeId":"S010863","bikeName":"Henriette","cost":210,"currency":"EUR","endTime":"2023-01-08T20:03:48Z","lockId":"S010863","ownerId":"wg7upBQEGOYj720g3ifO0ZIJwjK2","revenue":87.5,"startTime":"2023-01-08T19:59:02Z","trip_id":"-NLHxkuCgXmbXuzuT7CT","updated_at":"2023-01-08T20:03:50Z","userId":"6uDJ6wKc4Qhjtbw1qOe7VaurvMP2","vehicleId":"S010863","vehicleName":"Henriette","vehicle_adoption_id":"vehicle_adoption_0TIRlT7O3BOnAWyifsi7zIY1"},{"bikeId":"S010863","bikeName":"Henriette","cost":132,"currency":"EUR","discountReason":"ponyMember","endTime":"2023-01-08T19:53:06Z","lockId":"S010863","ownerId":"wg7upBQEGOYj720g3ifO0ZIJwjK2","revenue":87,"startTime":"2023-01-08T19:47:09Z","trip_id":"-NLHv1pdURoSmYO3OHCZ","updated_at":"2023-01-08T19:53:09Z","userId":"9wU6J7ARFRd9YYNxy8MThOSgI6M2","vehicleId":"S010863","vehicleName":"Henriette","vehicle_adoption_id":"vehicle_adoption_0TIRlT7O3BOnAWyifsi7zIY1"},{"bikeId":"S003132","bikeName":"Ginette","cost":162,"currency":"EUR","endTime":"2023-01-08T19:46:47Z","lockId":"S003132","ownerId":"wg7upBQEGOYj720g3ifO0ZIJwjK2","revenue":67.5,"startTime":"2023-01-08T19:41:44Z","trip_id":"-NLHtnXMNUZ55-VkcVBr","updated_at":"2023-01-08T19:46:49Z","userId":"cw5g7XsHL7TRmWYICKWq6IImbAD3","vehicleId":"S003132","vehicleName":"Ginette","vehicle_adoption_id":"vehicle_adoption_0T10mnzyMhAzSpP2zOo7S4mF"},{"bikeId":"S003132","bikeName":"Ginette","cost":378,"currency":"EUR","endTime":"2023-01-08T14:00:45Z","lockId":"S003132","ownerId":"wg7upBQEGOYj720g3ifO0ZIJwjK2","revenue":157.5,"startTime":"2023-01-08T13:46:57Z","trip_id":"-NLGcaUG-_56m3MShnz3","updated_at":"2023-01-08T14:00:47Z","userId":"cw5g7XsHL7TRmWYICKWq6IImbAD3","vehicleId":"S003132","vehicleName":"Ginette","vehicle_adoption_id":"vehicle_adoption_0T10mnzyMhAzSpP2zOo7S4mF"},{"bikeId":"S003132","bikeName":"Ginette","cost":108,"currency":"EUR","endTime":"2023-01-08T13:41:15Z","lockId":"S003132","ownerId":"wg7upBQEGOYj720g3ifO0ZIJwjK2","revenue":45,"startTime":"2023-01-08T13:37:34Z","trip_id":"-NLGaRqP8Ew9esERU7bV","updated_at":"2023-01-08T13:41:19Z","userId":"cw5g7XsHL7TRmWYICKWq6IImbAD3","vehicleId":"S003132","vehicleName":"Ginette","vehicle_adoption_id":"vehicle_adoption_0T10mnzyMhAzSpP2zOo7S4mF"},{"bikeId":"S003132","bikeName":"Ginette","cost":270,"currency":"EUR","endTime":"2023-01-08T13:36:00Z","lockId":"S003132","ownerId":"wg7upBQEGOYj720g3ifO0ZIJwjK2","revenue":112.5,"startTime":"2023-01-08T13:26:41Z","trip_id":"-NLGYxeHC1wY6bP1LGRC","updated_at":"2023-01-08T13:36:02Z","userId":"cw5g7XsHL7TRmWYICKWq6IImbAD3","vehicleId":"S003132","vehicleName":"Ginette","vehicle_adoption_id":"vehicle_adoption_0T10mnzyMhAzSpP2zOo7S4mF"},{"bikeId":"S003132","bikeName":"Ginette","cost":810,"currency":"EUR","endTime":"2023-01-08T05:05:19Z","lockId":"S003132","ownerId":"wg7upBQEGOYj720g3ifO0ZIJwjK2","revenue":337.5,"startTime":"2023-01-08T04:35:47Z","trip_id":"-NLEeRmXJO8dQpm54yPj","updated_at":"2023-01-08T05:05:21Z","userId":"ECAmFYVnd4Qwh7BJIPijzTWRWcS2","vehicleId":"S003132","vehicleName":"Ginette","vehicle_adoption_id":"vehicle_adoption_0T10mnzyMhAzSpP2zOo7S4mF"},{"bikeId":"S010863","bikeName":"Henriette","cost":210,"currency":"EUR","endTime":"2023-01-08T03:31:27Z","lockId":"S010863","ownerId":"wg7upBQEGOYj720g3ifO0ZIJwjK2","revenue":87.5,"startTime":"2023-01-08T03:26:36Z","trip_id":"-NLEPbMGHUlIQkHMPwGC","updated_at":"2023-01-08T03:31:31Z","userId":"4AywVKg7RtOdGhB1orTvRrHQ0xm2","vehicleId":"S010863","vehicleName":"Henriette","vehicle_adoption_id":"vehicle_adoption_0TIRlT7O3BOnAWyifsi7zIY1"},{"bikeId":"S010863","bikeName":"Henriette","cost":232,"currency":"EUR","endTime":"2023-01-08T03:12:09Z","lockId":"S010863","ownerId":"wg7upBQEGOYj720g3ifO0ZIJwjK2","revenue":96.66666666666667,"startTime":"2023-01-08T03:06:44Z","trip_id":"-NLEL3BgeCJL6PbN4cHh","updated_at":"2023-01-08T03:12:11Z","userId":"yJXI1a1PJGR0VkNsCieFGQKZmTB2","vehicleId":"S010863","vehicleName":"Henriette","vehicle_adoption_id":"vehicle_adoption_0TIRlT7O3BOnAWyifsi7zIY1"},{"bikeId":"S010863","bikeName":"Henriette","cost":298,"currency":"EUR","endTime":"2023-01-08T01:49:35Z","lockId":"S010863","ownerId":"wg7upBQEGOYj720g3ifO0ZIJwjK2","revenue":124.16666666666667,"startTime":"2023-01-08T01:40:40Z","trip_id":"-NLE1MStQXaUPSBqi664","updated_at":"2023-01-08T01:49:37Z","userId":"OASgQJTMpUT00dRUi0AS75zbt9u2","vehicleId":"S010863","vehicleName":"Henriette","vehicle_adoption_id":"vehicle_adoption_0TIRlT7O3BOnAWyifsi7zIY1"},{"bikeId":"S003132","bikeName":"Ginette","cost":0,"currency":"EUR","discountReason":"ponyMember","endTime":"2023-01-07T22:09:18Z","lockId":"S003132","ownerId":"wg7upBQEGOYj720g3ifO0ZIJwjK2","revenue":100,"startTime":"2023-01-07T21:46:26Z","trip_id":"-NLDBkObrTGXOVJZzUAV","updated_at":"2023-01-07T22:09:21Z","userId":"Ixw2K1ivoDgNhw0nrNtwIfciO5u2","vehicleId":"S003132","vehicleName":"Ginette","vehicle_adoption_id":"vehicle_adoption_0T10mnzyMhAzSpP2zOo7S4mF"},{"bikeId":"S003132","bikeName":"Ginette","cost":500,"currency":"EUR","endTime":"2023-01-07T21:11:40Z","lockId":"S003132","ownerId":"wg7upBQEGOYj720g3ifO0ZIJwjK2","revenue":208.33333333333334,"startTime":"2023-01-07T21:01:49Z","trip_id":"-NLD1XlVGXmKM2qVJUFx","updated_at":"2023-01-07T21:11:42Z","userId":"IkBrompK0kbwG7acTAldOkl37M33","vehicleId":"S003132","vehicleName":"Ginette","vehicle_adoption_id":"vehicle_adoption_0T10mnzyMhAzSpP2zOo7S4mF"},{"bikeId":"S003132","bikeName":"Ginette","cost":108,"currency":"EUR","endTime":"2023-01-07T19:41:35Z","lockId":"S003132","ownerId":"wg7upBQEGOYj720g3ifO0ZIJwjK2","revenue":45,"startTime":"2023-01-07T19:38:24Z","trip_id":"-NLCjRx06dZz9GY7hMJs","updated_at":"2023-01-07T19:41:37Z","userId":"SrkQRDH1YPeG3l5KpWKiJrMFrM92","vehicleId":"S003132","vehicleName":"Ginette","vehicle_adoption_id":"vehicle_adoption_0T10mnzyMhAzSpP2zOo7S4mF"},{"bikeId":"S003132","bikeName":"Ginette","cost":108,"currency":"EUR","endTime":"2023-01-07T18:31:45Z","lockId":"S003132","ownerId":"wg7upBQEGOYj720g3ifO0ZIJwjK2","revenue":45,"startTime":"2023-01-07T18:28:02Z","trip_id":"-NLCUL1ittQX8aVFyJ2q","updated_at":"2023-01-07T18:31:47Z","userId":"CiBRbwQtWfS8y4EvVa7W0RGmQzv2","vehicleId":"S003132","vehicleName":"Ginette","vehicle_adoption_id":"vehicle_adoption_0T10mnzyMhAzSpP2zOo7S4mF"},{"bikeId":"S003132","bikeName":"Ginette","cost":108,"currency":"EUR","endTime":"2023-01-07T18:18:23Z","lockId":"S003132","ownerId":"wg7upBQEGOYj720g3ifO0ZIJwjK2","revenue":45,"startTime":"2023-01-07T18:15:20Z","trip_id":"-NLCRR7fZUKryA0qzBp2","updated_at":"2023-01-07T18:18:24Z","userId":"YhqZQCRNoXP8sw1SnGrE6oH4wiH3","vehicleId":"S003132","vehicleName":"Ginette","vehicle_adoption_id":"vehicle_adoption_0T10mnzyMhAzSpP2zOo7S4mF"},{"bikeId":"S003132","bikeName":"Ginette","cost":108,"currency":"EUR","endTime":"2023-01-07T17:24:28Z","lockId":"S003132","ownerId":"wg7upBQEGOYj720g3ifO0ZIJwjK2","revenue":45,"startTime":"2023-01-07T17:20:37Z","trip_id":"-NLCEuR3xCselG5TYr1m","updated_at":"2023-01-07T17:24:31Z","userId":"YhqZQCRNoXP8sw1SnGrE6oH4wiH3","vehicleId":"S003132","vehicleName":"Ginette","vehicle_adoption_id":"vehicle_adoption_0T10mnzyMhAzSpP2zOo7S4mF"},{"bikeId":"S003132","bikeName":"Ginette","cost":81,"currency":"EUR","endTime":"2023-01-07T17:12:34Z","lockId":"S003132","ownerId":"wg7upBQEGOYj720g3ifO0ZIJwjK2","revenue":33.75,"startTime":"2023-01-07T17:09:38Z","trip_id":"-NLCCOe7aH97dJ6sOK_z","updated_at":"2023-01-07T17:12:37Z","userId":"YhqZQCRNoXP8sw1SnGrE6oH4wiH3","vehicleId":"S003132","vehicleName":"Ginette","vehicle_adoption_id":"vehicle_adoption_0T10mnzyMhAzSpP2zOo7S4mF"},{"bikeId":"S010863","bikeName":"Henriette","cost":298,"currency":"EUR","endTime":"2023-01-07T06:21:50Z","lockId":"S010863","ownerId":"wg7upBQEGOYj720g3ifO0ZIJwjK2","revenue":124.16666666666667,"startTime":"2023-01-07T06:13:37Z","trip_id":"-NL9rF3CNCmux4d0yw1M","updated_at":"2023-01-07T06:21:53Z","userId":"svz0D8GronfJfoo5aTjKiH1z8sj2","vehicleId":"S010863","vehicleName":"Henriette","vehicle_adoption_id":"vehicle_adoption_0TIRlT7O3BOnAWyifsi7zIY1"},{"bikeId":"S010863","bikeName":"Henriette","cost":320,"currency":"EUR","endTime":"2023-01-07T04:24:30Z","lockId":"S010863","ownerId":"wg7upBQEGOYj720g3ifO0ZIJwjK2","revenue":133.33333333333334,"startTime":"2023-01-07T04:14:50Z","trip_id":"-NL9R2x2cd8gzJNq5N69","updated_at":"2023-01-07T04:24:32Z","userId":"bnMAOpTJ4FTxf8bUSuYLquHYax72","vehicleId":"S010863","vehicleName":"Henriette","vehicle_adoption_id":"vehicle_adoption_0TIRlT7O3BOnAWyifsi7zIY1"},{"bikeId":"S010863","bikeName":"Henriette","cost":298,"currency":"EUR","endTime":"2023-01-07T03:11:43Z","lockId":"S010863","ownerId":"wg7upBQEGOYj720g3ifO0ZIJwjK2","revenue":124.16666666666667,"startTime":"2023-01-07T03:03:18Z","trip_id":"-NL9AgCetJzg-gOKvA3_","updated_at":"2023-01-07T03:11:46Z","userId":"qjFbrtVZwOPQO70ISsDYtRjIWs62","vehicleId":"S010863","vehicleName":"Henriette","vehicle_adoption_id":"vehicle_adoption_0TIRlT7O3BOnAWyifsi7zIY1"},{"bikeId":"S010863","bikeName":"Henriette","cost":232,"currency":"EUR","endTime":"2023-01-06T22:52:08Z","lockId":"S010863","ownerId":"wg7upBQEGOYj720g3ifO0ZIJwjK2","revenue":96.66666666666667,"startTime":"2023-01-06T22:46:16Z","trip_id":"-NL8Fr3RiE9HBGWsHmZx","updated_at":"2023-01-06T22:52:10Z","userId":"EMu0qAJphDe2sE9bGu4PSQzpeVW2","vehicleId":"S010863","vehicleName":"Henriette","vehicle_adoption_id":"vehicle_adoption_0TIRlT7O3BOnAWyifsi7zIY1"},{"bikeId":"S010863","bikeName":"Henriette","cost":188,"currency":"EUR","endTime":"2023-01-06T22:40:18Z","lockId":"S010863","ownerId":"wg7upBQEGOYj720g3ifO0ZIJwjK2","revenue":78.33333333333334,"startTime":"2023-01-06T22:36:59Z","trip_id":"-NL8Dj5DKPZ_rbS2vTRP","updated_at":"2023-01-06T22:40:20Z","userId":"EMu0qAJphDe2sE9bGu4PSQzpeVW2","vehicleId":"S010863","vehicleName":"Henriette","vehicle_adoption_id":"vehicle_adoption_0TIRlT7O3BOnAWyifsi7zIY1"},{"bikeId":"S010863","bikeName":"Henriette","cost":342,"currency":"EUR","endTime":"2023-01-06T22:00:32Z","lockId":"S010863","ownerId":"wg7upBQEGOYj720g3ifO0ZIJwjK2","revenue":142.5,"startTime":"2023-01-06T21:49:52Z","trip_id":"-NL82wzjIGX_AKuzieRG","updated_at":"2023-01-06T22:00:34Z","userId":"iLhh6nvwQnfH6sat9Qg15nXx6h13","vehicleId":"S010863","vehicleName":"Henriette","vehicle_adoption_id":"vehicle_adoption_0TIRlT7O3BOnAWyifsi7zIY1"},{"bikeId":"S010863","bikeName":"Henriette","cost":176,"currency":"EUR","discountReason":"ponyMember","endTime":"2023-01-06T20:52:38Z","lockId":"S010863","ownerId":"wg7upBQEGOYj720g3ifO0ZIJwjK2","revenue":105.33333333333334,"startTime":"2023-01-06T20:44:47Z","trip_id":"-NL7p2c8nlfDPVtNuiNf","updated_at":"2023-01-06T20:52:40Z","userId":"3MTLYKiecjXH7XUjnrXMU2QR1N73","vehicleId":"S010863","vehicleName":"Henriette","vehicle_adoption_id":"vehicle_adoption_0TIRlT7O3BOnAWyifsi7zIY1"},{"bikeId":"S003132","bikeName":"Ginette","cost":162,"currency":"EUR","endTime":"2023-01-06T17:44:19Z","lockId":"S003132","ownerId":"wg7upBQEGOYj720g3ifO0ZIJwjK2","revenue":67.5,"startTime":"2023-01-06T17:38:30Z","trip_id":"-NL79Ps4WOXACq60Dbq6","updated_at":"2023-01-06T17:44:21Z","userId":"Y2CgnxGQdSfreKNLffI6JoKH7U03","vehicleId":"S003132","vehicleName":"Ginette","vehicle_adoption_id":"vehicle_adoption_0T10mnzyMhAzSpP2zOo7S4mF"},{"bikeId":"S003132","bikeName":"Ginette","cost":108,"currency":"EUR","endTime":"2023-01-06T14:54:34Z","lockId":"S003132","ownerId":"wg7upBQEGOYj720g3ifO0ZIJwjK2","revenue":45,"startTime":"2023-01-06T14:50:39Z","trip_id":"-NL6YzwvmsS_951gxdBX","updated_at":"2023-01-06T14:54:36Z","userId":"udvu2dV9wbbNMokyWPG3cRMbhNl2","vehicleId":"S003132","vehicleName":"Ginette","vehicle_adoption_id":"vehicle_adoption_0T10mnzyMhAzSpP2zOo7S4mF"},{"bikeId":"S003132","bikeName":"Ginette","cost":162,"currency":"EUR","endTime":"2023-01-06T14:39:38Z","lockId":"S003132","ownerId":"wg7upBQEGOYj720g3ifO0ZIJwjK2","revenue":67.5,"startTime":"2023-01-06T14:34:10Z","trip_id":"-NL6VDVLJWYXFnnrIyOI","updated_at":"2023-01-06T14:39:40Z","userId":"1CPpaZP2NJezXq1Vc8soLhiYUTI2","vehicleId":"S003132","vehicleName":"Ginette","vehicle_adoption_id":"vehicle_adoption_0T10mnzyMhAzSpP2zOo7S4mF"},{"bikeId":"S003132","bikeName":"Ginette","cost":81,"currency":"EUR","endTime":"2023-01-06T13:04:51Z","lockId":"S003132","ownerId":"wg7upBQEGOYj720g3ifO0ZIJwjK2","revenue":33.75,"startTime":"2023-01-06T13:02:07Z","trip_id":"-NL6A9ACjwXoJqBoGS9s","updated_at":"2023-01-06T13:04:53Z","userId":"O31dO63tTYhnUH90ckEEdW4tG9g1","vehicleId":"S003132","vehicleName":"Ginette","vehicle_adoption_id":"vehicle_adoption_0T10mnzyMhAzSpP2zOo7S4mF"},{"bikeId":"S003132","bikeName":"Ginette","cost":270,"currency":"EUR","endTime":"2023-01-06T12:58:59Z","lockId":"S003132","ownerId":"wg7upBQEGOYj720g3ifO0ZIJwjK2","revenue":112.5,"startTime":"2023-01-06T12:49:13Z","trip_id":"-NL67CEIL_tC4KHi0wze","updated_at":"2023-01-06T12:59:01Z","userId":"qY52wlOGBXStXoxW2MgAmeZyhXe2","vehicleId":"S003132","vehicleName":"Ginette","vehicle_adoption_id":"vehicle_adoption_0T10mnzyMhAzSpP2zOo7S4mF"},{"bikeId":"S003132","bikeName":"Ginette","cost":270,"currency":"EUR","endTime":"2023-01-06T10:32:25Z","lockId":"S003132","ownerId":"wg7upBQEGOYj720g3ifO0ZIJwjK2","revenue":112.5,"startTime":"2023-01-06T10:23:03Z","trip_id":"-NL5akA10s8i08scOL8J","updated_at":"2023-01-06T10:32:27Z","userId":"rGAnj4uQeURqnjpsTq9CUenQ1042","vehicleId":"S003132","vehicleName":"Ginette","vehicle_adoption_id":"vehicle_adoption_0T10mnzyMhAzSpP2zOo7S4mF"},{"bikeId":"S003132","bikeName":"Ginette","cost":216,"currency":"EUR","endTime":"2023-01-06T10:12:42Z","lockId":"S003132","ownerId":"wg7upBQEGOYj720g3ifO0ZIJwjK2","revenue":90,"startTime":"2023-01-06T10:05:41Z","trip_id":"-NL5XlnFsVRGo_-C6JK7","updated_at":"2023-01-06T10:12:44Z","userId":"rGAnj4uQeURqnjpsTq9CUenQ1042","vehicleId":"S003132","vehicleName":"Ginette","vehicle_adoption_id":"vehicle_adoption_0T10mnzyMhAzSpP2zOo7S4mF"},{"bikeId":"S003051","bikeName":"Henriette","cost":242,"currency":"EUR","discountReason":"ponyMember","endTime":"2023-01-06T09:21:56Z","lockId":"S003051","ownerId":"wg7upBQEGOYj720g3ifO0ZIJwjK2","revenue":132.83333333333334,"startTime":"2023-01-06T09:11:55Z","trip_id":"-NL5LTC4hJxgnTPtMZbL","updated_at":"2023-01-06T09:21:59Z","userId":"uOrGYX9jE7hjvJ4cFJ7wQOqGScp2","vehicleId":"S003051","vehicleName":"Henriette","vehicle_adoption_id":"vehicle_adoption_0TIRlT7O3BOnAWyifsi7zIY1"},{"bikeId":"S003132","bikeName":"Ginette","cost":270,"currency":"EUR","endTime":"2023-01-06T09:09:40Z","lockId":"S003132","ownerId":"wg7upBQEGOYj720g3ifO0ZIJwjK2","revenue":112.5,"startTime":"2023-01-06T09:00:07Z","trip_id":"-NL5IlGfeI2zl-vG29eE","updated_at":"2023-01-06T09:09:43Z","userId":"rGAnj4uQeURqnjpsTq9CUenQ1042","vehicleId":"S003132","vehicleName":"Ginette","vehicle_adoption_id":"vehicle_adoption_0T10mnzyMhAzSpP2zOo7S4mF"},{"bikeId":"S003132","bikeName":"Ginette","cost":350,"currency":"EUR","endTime":"2023-01-06T01:48:52Z","lockId":"S003132","ownerId":"wg7upBQEGOYj720g3ifO0ZIJwjK2","revenue":145.83333333333334,"startTime":"2023-01-06T01:42:31Z","trip_id":"-NL3jb9RnMo-_VrmNKmR","updated_at":"2023-01-06T01:48:54Z","userId":"vwhMnE2o8Sf9zyZnYzbT87ODLVx1","vehicleId":"S003132","vehicleName":"Ginette","vehicle_adoption_id":"vehicle_adoption_0T10mnzyMhAzSpP2zOo7S4mF"},{"bikeId":"S003132","bikeName":"Ginette","cost":250,"currency":"EUR","endTime":"2023-01-06T00:00:39Z","lockId":"S003132","ownerId":"wg7upBQEGOYj720g3ifO0ZIJwjK2","revenue":104.16666666666667,"startTime":"2023-01-05T23:56:37Z","trip_id":"-NL3MMn1TOYSsUe8qd41","updated_at":"2023-01-06T00:00:41Z","userId":"DYHvbbfrPndyTVX1gA7N02u5bcm2","vehicleId":"S003132","vehicleName":"Ginette","vehicle_adoption_id":"vehicle_adoption_0T10mnzyMhAzSpP2zOo7S4mF"},{"bikeId":"S003132","bikeName":"Ginette","cost":150,"currency":"EUR","endTime":"2023-01-05T23:06:45Z","lockId":"S003132","ownerId":"wg7upBQEGOYj720g3ifO0ZIJwjK2","revenue":62.5,"startTime":"2023-01-05T23:04:30Z","trip_id":"-NL3ARRBTChsQMP_enMq","updated_at":"2023-01-05T23:06:48Z","userId":"VSckYrWb4jRASjkFSw8Ir8hLmin2","vehicleId":"S003132","vehicleName":"Ginette","vehicle_adoption_id":"vehicle_adoption_0T10mnzyMhAzSpP2zOo7S4mF"},{"bikeId":"S003132","bikeName":"Ginette","cost":0,"currency":"EUR","discountReason":"ponyMember","endTime":"2023-01-05T19:37:09Z","lockId":"S003132","ownerId":"wg7upBQEGOYj720g3ifO0ZIJwjK2","revenue":100,"startTime":"2023-01-05T19:23:00Z","trip_id":"-NL2NjiEtPylu90ozr31","updated_at":"2023-01-05T19:37:12Z","userId":"w4O2Jf4SYIVkeiFPD92FZ7R32V82","vehicleId":"S003132","vehicleName":"Ginette","vehicle_adoption_id":"vehicle_adoption_0T10mnzyMhAzSpP2zOo7S4mF"},{"bikeId":"S003051","bikeName":"Henriette","cost":88,"currency":"EUR","discountReason":"ponyMember","endTime":"2023-01-05T17:02:19Z","lockId":"S003051","ownerId":"wg7upBQEGOYj720g3ifO0ZIJwjK2","revenue":68.66666666666667,"startTime":"2023-01-05T16:58:25Z","trip_id":"-NL1rdmJVYWgz2FTR2Z0","updated_at":"2023-01-05T17:02:21Z","userId":"uOrGYX9jE7hjvJ4cFJ7wQOqGScp2","vehicleId":"S003051","vehicleName":"Henriette","vehicle_adoption_id":"vehicle_adoption_0TIRlT7O3BOnAWyifsi7zIY1"},{"bikeId":"S003051","bikeName":"Henriette","cost":176,"currency":"EUR","discountReason":"ponyMember","endTime":"2023-01-05T16:52:24Z","lockId":"S003051","ownerId":"wg7upBQEGOYj720g3ifO0ZIJwjK2","revenue":105.33333333333334,"startTime":"2023-01-05T16:44:32Z","trip_id":"-NL1oTRRk8VsKl4rh3Yx","updated_at":"2023-01-05T16:52:27Z","userId":"uOrGYX9jE7hjvJ4cFJ7wQOqGScp2","vehicleId":"S003051","vehicleName":"Henriette","vehicle_adoption_id":"vehicle_adoption_0TIRlT7O3BOnAWyifsi7zIY1"},{"bikeId":"S003132","bikeName":"Ginette","cost":162,"currency":"EUR","endTime":"2023-01-05T07:54:22Z","lockId":"S003132","ownerId":"wg7upBQEGOYj720g3ifO0ZIJwjK2","revenue":67.5,"startTime":"2023-01-05T07:48:38Z","trip_id":"-NL-toHWShM6u9eiB43r","updated_at":"2023-01-05T07:54:24Z","userId":"uYHcfceueQScQuSFwjRYEEGZQCh1","vehicleId":"S003132","vehicleName":"Ginette","vehicle_adoption_id":"vehicle_adoption_0T10mnzyMhAzSpP2zOo7S4mF"},{"bikeId":"S003132","bikeName":"Ginette","cost":378,"currency":"EUR","endTime":"2023-01-05T06:55:41Z","lockId":"S003132","ownerId":"wg7upBQEGOYj720g3ifO0ZIJwjK2","revenue":157.5,"startTime":"2023-01-05T06:42:20Z","trip_id":"-NL-ed5sRPlYaZ1OyAtJ","updated_at":"2023-01-05T06:55:43Z","userId":"QcbgQ6gGnAOHe4ce90S4vNOBgLz2","vehicleId":"S003132","vehicleName":"Ginette","vehicle_adoption_id":"vehicle_adoption_0T10mnzyMhAzSpP2zOo7S4mF"},{"bikeId":"S003051","bikeName":"Henriette","cost":342,"currency":"EUR","endTime":"2023-01-04T19:16:32Z","lockId":"S003051","ownerId":"wg7upBQEGOYj720g3ifO0ZIJwjK2","revenue":142.5,"startTime":"2023-01-04T19:05:34Z","trip_id":"-NKyA9j9HjmvYb921_tU","updated_at":"2023-01-04T19:16:36Z","userId":"XQj44LCXkuOLEgNj6QYGsAAhJ7e2","vehicleId":"S003051","vehicleName":"Henriette","vehicle_adoption_id":"vehicle_adoption_0TIRlT7O3BOnAWyifsi7zIY1"},{"bikeId":"S003132","bikeName":"Ginette","cost":135,"currency":"EUR","endTime":"2023-01-04T15:38:36Z","lockId":"S003132","ownerId":"wg7upBQEGOYj720g3ifO0ZIJwjK2","revenue":56.25,"startTime":"2023-01-04T15:34:23Z","trip_id":"-NKxPpAeyJNcPMRO6Lei","updated_at":"2023-01-04T15:38:38Z","userId":"Sox7OGht7lcK25viEhx60mr4YJX2","vehicleId":"S003132","vehicleName":"Ginette","vehicle_adoption_id":"vehicle_adoption_0T10mnzyMhAzSpP2zOo7S4mF"},{"bikeId":"S003051","bikeName":"Henriette","cost":232,"currency":"EUR","endTime":"2023-01-04T13:45:10Z","lockId":"S003051","ownerId":"wg7upBQEGOYj720g3ifO0ZIJwjK2","revenue":96.66666666666667,"startTime":"2023-01-04T13:39:43Z","trip_id":"-NKx-_PkIEICQajFdEly","updated_at":"2023-01-04T13:45:12Z","userId":"Qi7R2hkTxKOcBo7Gb1FwXf35fUg2","vehicleId":"S003051","vehicleName":"Henriette","vehicle_adoption_id":"vehicle_adoption_0TIRlT7O3BOnAWyifsi7zIY1"},{"bikeId":"S003132","bikeName":"Ginette","cost":270,"currency":"EUR","endTime":"2023-01-04T11:41:33Z","lockId":"S003132","ownerId":"wg7upBQEGOYj720g3ifO0ZIJwjK2","revenue":112.5,"startTime":"2023-01-04T11:31:59Z","trip_id":"-NKwYLMIRcgZjj6V3TkV","updated_at":"2023-01-04T11:41:35Z","userId":"F8ey4yl1aZY8jeTaDXprxl9T0no2","vehicleId":"S003132","vehicleName":"Ginette","vehicle_adoption_id":"vehicle_adoption_0T10mnzyMhAzSpP2zOo7S4mF"},{"bikeId":"S003132","bikeName":"Ginette","cost":297,"currency":"EUR","endTime":"2023-01-04T11:24:12Z","lockId":"S003132","ownerId":"wg7upBQEGOYj720g3ifO0ZIJwjK2","revenue":123.75,"startTime":"2023-01-04T11:14:01Z","trip_id":"-NKwUE7mRW_Bwe4TXI-3","updated_at":"2023-01-04T11:24:16Z","userId":"F8ey4yl1aZY8jeTaDXprxl9T0no2","vehicleId":"S003132","vehicleName":"Ginette","vehicle_adoption_id":"vehicle_adoption_0T10mnzyMhAzSpP2zOo7S4mF"},{"bikeId":"S003132","bikeName":"Ginette","cost":108,"currency":"EUR","endTime":"2023-01-04T10:39:55Z","lockId":"S003132","ownerId":"wg7upBQEGOYj720g3ifO0ZIJwjK2","revenue":45,"startTime":"2023-01-04T10:36:43Z","trip_id":"-NKwLgtSZu9ERcMyXohc","updated_at":"2023-01-04T10:39:57Z","userId":"SnhIMVdA3nVuwIc8Vmtk29apEVQ2","vehicleId":"S003132","vehicleName":"Ginette","vehicle_adoption_id":"vehicle_adoption_0T10mnzyMhAzSpP2zOo7S4mF"},{"bikeId":"S003051","bikeName":"Henriette","cost":188,"currency":"EUR","endTime":"2023-01-04T10:07:43Z","lockId":"S003051","ownerId":"wg7upBQEGOYj720g3ifO0ZIJwjK2","revenue":78.33333333333334,"startTime":"2023-01-04T10:04:13Z","trip_id":"-NKwEFgHwrdCdCbprBU6","updated_at":"2023-01-04T10:07:46Z","userId":"DurFhvgeLbXaAPdZolIipGCuP382","vehicleId":"S003051","vehicleName":"Henriette","vehicle_adoption_id":"vehicle_adoption_0TIRlT7O3BOnAWyifsi7zIY1"},{"bikeId":"S003051","bikeName":"Henriette","cost":188,"currency":"EUR","endTime":"2023-01-04T07:52:35Z","lockId":"S003051","ownerId":"wg7upBQEGOYj720g3ifO0ZIJwjK2","revenue":78.33333333333334,"startTime":"2023-01-04T07:48:42Z","trip_id":"-NKvkEh0b-4cUFyaEoI5","updated_at":"2023-01-04T07:52:37Z","userId":"UHT3isGZu8XUswddnVpdeiwjyb23","vehicleId":"S003051","vehicleName":"Henriette","vehicle_adoption_id":"vehicle_adoption_0TIRlT7O3BOnAWyifsi7zIY1"},{"bikeId":"S003132","bikeName":"Ginette","cost":135,"currency":"EUR","endTime":"2023-01-04T07:27:09Z","lockId":"S003132","ownerId":"wg7upBQEGOYj720g3ifO0ZIJwjK2","revenue":56.25,"startTime":"2023-01-04T07:23:02Z","trip_id":"-NKveMbiZn4zbjqgjZHY","updated_at":"2023-01-04T07:27:11Z","userId":"3kLrx7CfxyLF73hM6HMmYZ7QU5p2","vehicleId":"S003132","vehicleName":"Ginette","vehicle_adoption_id":"vehicle_adoption_0T10mnzyMhAzSpP2zOo7S4mF"},{"bikeId":"S003051","bikeName":"Henriette","cost":276,"currency":"EUR","endTime":"2023-01-04T07:01:49Z","lockId":"S003051","ownerId":"wg7upBQEGOYj720g3ifO0ZIJwjK2","revenue":115,"startTime":"2023-01-04T06:54:37Z","trip_id":"-NKvYrRIfFvWJarcQXT2","updated_at":"2023-01-04T07:01:52Z","userId":"zvflW0NjdIhhX7WB8XaUkmQykFG2","vehicleId":"S003051","vehicleName":"Henriette","vehicle_adoption_id":"vehicle_adoption_0TIRlT7O3BOnAWyifsi7zIY1"},{"bikeId":"S003132","bikeName":"Ginette","cost":350,"currency":"EUR","endTime":"2023-01-03T23:32:14Z","lockId":"S003132","ownerId":"wg7upBQEGOYj720g3ifO0ZIJwjK2","revenue":145.83333333333334,"startTime":"2023-01-03T23:25:28Z","trip_id":"-NKtx34mb9wyKAmi6NSu","updated_at":"2023-01-03T23:32:18Z","userId":"3WEKyMn0w1hy5zWaeWqBEXERUHk1","vehicleId":"S003132","vehicleName":"Ginette","vehicle_adoption_id":"vehicle_adoption_0T10mnzyMhAzSpP2zOo7S4mF"},{"bikeId":"S003132","bikeName":"Ginette","cost":200,"currency":"EUR","endTime":"2023-01-03T23:12:30Z","lockId":"S003132","ownerId":"wg7upBQEGOYj720g3ifO0ZIJwjK2","revenue":83.33333333333334,"startTime":"2023-01-03T23:09:27Z","trip_id":"-NKttOHTKV9tpjkMrdMI","updated_at":"2023-01-03T23:12:33Z","userId":"MH07owftQ7cNlUNe6XAM7cnedF33","vehicleId":"S003132","vehicleName":"Ginette","vehicle_adoption_id":"vehicle_adoption_0T10mnzyMhAzSpP2zOo7S4mF"},{"bikeId":"S003132","bikeName":"Ginette","cost":150,"currency":"EUR","endTime":"2023-01-03T22:59:03Z","lockId":"S003132","ownerId":"wg7upBQEGOYj720g3ifO0ZIJwjK2","revenue":62.5,"startTime":"2023-01-03T22:56:55Z","trip_id":"-NKtqWp2Y1NWhqpo6yzI","updated_at":"2023-01-03T22:59:05Z","userId":"0u39eUE84Idra1q01yPc2WF8wh53","vehicleId":"S003132","vehicleName":"Ginette","vehicle_adoption_id":"vehicle_adoption_0T10mnzyMhAzSpP2zOo7S4mF"},{"bikeId":"S003132","bikeName":"Ginette","cost":150,"currency":"EUR","endTime":"2023-01-03T22:55:26Z","lockId":"S003132","ownerId":"wg7upBQEGOYj720g3ifO0ZIJwjK2","revenue":62.5,"startTime":"2023-01-03T22:52:31Z","trip_id":"-NKtpWGPQ54T7vb_vy57","updated_at":"2023-01-03T22:55:29Z","userId":"AQiYA2z55yS0y1bpQD9EAFT81yw2","vehicleId":"S003132","vehicleName":"Ginette","vehicle_adoption_id":"vehicle_adoption_0T10mnzyMhAzSpP2zOo7S4mF"},{"bikeId":"S003051","bikeName":"Henriette","cost":166,"currency":"EUR","endTime":"2023-01-03T20:26:53Z","lockId":"S003051","ownerId":"wg7upBQEGOYj720g3ifO0ZIJwjK2","revenue":69.16666666666667,"startTime":"2023-01-03T20:24:17Z","trip_id":"-NKtIa2cRAxAPePdbJ1U","updated_at":"2023-01-03T20:26:54Z","userId":"DurFhvgeLbXaAPdZolIipGCuP382","vehicleId":"S003051","vehicleName":"Henriette","vehicle_adoption_id":"vehicle_adoption_0TIRlT7O3BOnAWyifsi7zIY1"},{"bikeId":"S003051","bikeName":"Henriette","cost":210,"currency":"EUR","endTime":"2023-01-03T19:29:00Z","lockId":"S003051","ownerId":"wg7upBQEGOYj720g3ifO0ZIJwjK2","revenue":87.5,"startTime":"2023-01-03T19:24:17Z","trip_id":"-NKt4r1M4YBDBRa-lDWB","updated_at":"2023-01-03T19:29:03Z","userId":"Mret1DA8nFUfNCX5e154VPzeFcd2","vehicleId":"S003051","vehicleName":"Henriette","vehicle_adoption_id":"vehicle_adoption_0TIRlT7O3BOnAWyifsi7zIY1"},{"bikeId":"S003132","bikeName":"Ginette","cost":0,"currency":"EUR","discountReason":"ponyMember","endTime":"2023-01-03T18:17:58Z","lockId":"S003132","ownerId":"wg7upBQEGOYj720g3ifO0ZIJwjK2","revenue":100,"startTime":"2023-01-03T18:04:23Z","trip_id":"-NKsnZaLIRCtiaeQL8e5","updated_at":"2023-01-03T18:18:00Z","userId":"N3bR76zNavWzibZRgi5OAxEk0qE2","vehicleId":"S003132","vehicleName":"Ginette","vehicle_adoption_id":"vehicle_adoption_0T10mnzyMhAzSpP2zOo7S4mF"},{"bikeId":"S003132","bikeName":"Ginette","cost":378,"currency":"EUR","endTime":"2023-01-03T18:00:09Z","lockId":"S003132","ownerId":"wg7upBQEGOYj720g3ifO0ZIJwjK2","revenue":157.5,"startTime":"2023-01-03T17:46:15Z","trip_id":"-NKsjQ-haAZP4VMNr5Ta","updated_at":"2023-01-03T18:00:11Z","userId":"6iFrYJ3jlFbkwoITBoiNnWsp2xo1","vehicleId":"S003132","vehicleName":"Ginette","vehicle_adoption_id":"vehicle_adoption_0T10mnzyMhAzSpP2zOo7S4mF"},{"bikeId":"S003051","bikeName":"Henriette","cost":254,"currency":"EUR","endTime":"2023-01-03T17:11:37Z","lockId":"S003051","ownerId":"wg7upBQEGOYj720g3ifO0ZIJwjK2","revenue":105.83333333333334,"startTime":"2023-01-03T17:04:59Z","trip_id":"-NKs_ydBdzOLxd9NiNWm","updated_at":"2023-01-03T17:11:39Z","userId":"XRL07IEdDugztgm8DTFQLnTIZHB3","vehicleId":"S003051","vehicleName":"Henriette","vehicle_adoption_id":"vehicle_adoption_0TIRlT7O3BOnAWyifsi7zIY1"},{"bikeId":"S003051","bikeName":"Henriette","cost":276,"currency":"EUR","endTime":"2023-01-03T16:05:32Z","lockId":"S003051","ownerId":"wg7upBQEGOYj720g3ifO0ZIJwjK2","revenue":115,"startTime":"2023-01-03T15:58:03Z","trip_id":"-NKsLe9i15_hzkcBU6ao","updated_at":"2023-01-03T16:05:34Z","userId":"3LDKLr0lmBTA0ryEpK6rNprWEAI2","vehicleId":"S003051","vehicleName":"Henriette","vehicle_adoption_id":"vehicle_adoption_0TIRlT7O3BOnAWyifsi7zIY1"},{"bikeId":"S003051","bikeName":"Henriette","cost":364,"currency":"EUR","endTime":"2023-01-03T15:13:01Z","lockId":"S003051","ownerId":"wg7upBQEGOYj720g3ifO0ZIJwjK2","revenue":151.66666666666669,"startTime":"2023-01-03T15:01:40Z","trip_id":"-NKs8k6jmgCKeASBO_Ji","updated_at":"2023-01-03T15:13:03Z","userId":"CjPLypJyQQfm5O5JoLpyPWxKLuF2","vehicleId":"S003051","vehicleName":"Henriette","vehicle_adoption_id":"vehicle_adoption_0TIRlT7O3BOnAWyifsi7zIY1"},{"bikeId":"S003132","bikeName":"Ginette","cost":0,"currency":"EUR","discountReason":"ponyMember","endTime":"2023-01-03T09:38:01Z","lockId":"S003132","ownerId":"wg7upBQEGOYj720g3ifO0ZIJwjK2","revenue":100,"startTime":"2023-01-03T09:26:24Z","trip_id":"-NKqx05FpV5LOmAFRmY6","updated_at":"2023-01-03T09:38:04Z","userId":"HuCDbKbo3XOQ5pOaunpmqCIUGZD2","vehicleId":"S003132","vehicleName":"Ginette","vehicle_adoption_id":"vehicle_adoption_0T10mnzyMhAzSpP2zOo7S4mF"},{"bikeId":"S003132","bikeName":"Ginette","cost":270,"currency":"EUR","endTime":"2023-01-03T07:23:41Z","lockId":"S003132","ownerId":"wg7upBQEGOYj720g3ifO0ZIJwjK2","revenue":112.5,"startTime":"2023-01-03T07:13:43Z","trip_id":"-NKqTdJPcOrKhEnGeHhU","updated_at":"2023-01-03T07:23:43Z","userId":"h21O4mEHmePX3SzCRvUMTJpRdV92","vehicleId":"S003132","vehicleName":"Ginette","vehicle_adoption_id":"vehicle_adoption_0T10mnzyMhAzSpP2zOo7S4mF"},{"bikeId":"S003132","bikeName":"Ginette","cost":200,"currency":"EUR","endTime":"2023-01-02T21:25:05Z","lockId":"S003132","ownerId":"wg7upBQEGOYj720g3ifO0ZIJwjK2","revenue":83.33333333333334,"startTime":"2023-01-02T21:21:09Z","trip_id":"-NKoM0CSeqXM-m8WpFsi","updated_at":"2023-01-02T21:25:08Z","userId":"3AQoMFFLtTbwBhjLGpVPYb9HCZw2","vehicleId":"S003132","vehicleName":"Ginette","vehicle_adoption_id":"vehicle_adoption_0T10mnzyMhAzSpP2zOo7S4mF"},{"bikeId":"S003132","bikeName":"Ginette","cost":250,"currency":"EUR","endTime":"2023-01-02T21:03:51Z","lockId":"S003132","ownerId":"wg7upBQEGOYj720g3ifO0ZIJwjK2","revenue":104.16666666666667,"startTime":"2023-01-02T20:59:44Z","trip_id":"-NKoH6afGwFmftiynm-O","updated_at":"2023-01-02T21:03:53Z","userId":"NXRJ0evhlWNakhQdjGcBH4ClLvy1","vehicleId":"S003132","vehicleName":"Ginette","vehicle_adoption_id":"vehicle_adoption_0T10mnzyMhAzSpP2zOo7S4mF"},{"bikeId":"S003051","bikeName":"Henriette","cost":452,"currency":"EUR","endTime":"2023-01-02T19:34:57Z","lockId":"S003051","ownerId":"wg7upBQEGOYj720g3ifO0ZIJwjK2","revenue":188.33333333333334,"startTime":"2023-01-02T19:19:30Z","trip_id":"-NKnvABvjbORmKEDQ8L4","updated_at":"2023-01-02T19:34:59Z","userId":"btJHg0EmvAOIoYgYpCsxqfflYl42","vehicleId":"S003051","vehicleName":"Henriette","vehicle_adoption_id":"vehicle_adoption_0TIRlT7O3BOnAWyifsi7zIY1"},{"bikeId":"S003051","bikeName":"Henriette","cost":210,"currency":"EUR","endTime":"2023-01-02T18:34:57Z","lockId":"S003051","ownerId":"wg7upBQEGOYj720g3ifO0ZIJwjK2","revenue":87.5,"startTime":"2023-01-02T18:30:04Z","trip_id":"-NKnjr05Ixa5ZrwyoQgv","updated_at":"2023-01-02T18:34:59Z","userId":"NV4kOPXjgPT2l7BGiZy4ChFPLFH3","vehicleId":"S003051","vehicleName":"Henriette","vehicle_adoption_id":"vehicle_adoption_0TIRlT7O3BOnAWyifsi7zIY1"},{"bikeId":"S003132","bikeName":"Ginette","cost":162,"currency":"EUR","endTime":"2023-01-02T18:28:25Z","lockId":"S003132","ownerId":"wg7upBQEGOYj720g3ifO0ZIJwjK2","revenue":67.5,"startTime":"2023-01-02T18:23:01Z","trip_id":"-NKniEsuWsTMmD_ZN9QM","updated_at":"2023-01-02T18:28:27Z","userId":"NXRJ0evhlWNakhQdjGcBH4ClLvy1","vehicleId":"S003132","vehicleName":"Ginette","vehicle_adoption_id":"vehicle_adoption_0T10mnzyMhAzSpP2zOo7S4mF"},{"bikeId":"S003051","bikeName":"Henriette","cost":430,"currency":"EUR","endTime":"2023-01-02T18:18:03Z","lockId":"S003051","ownerId":"wg7upBQEGOYj720g3ifO0ZIJwjK2","revenue":179.16666666666669,"startTime":"2023-01-02T18:03:46Z","trip_id":"-NKndpxtqnmoalft4FbF","updated_at":"2023-01-02T18:18:05Z","userId":"AGvwYMwKG0QMO7rP59OyK8DjT0r2","vehicleId":"S003051","vehicleName":"Henriette","vehicle_adoption_id":"vehicle_adoption_0TIRlT7O3BOnAWyifsi7zIY1"},{"bikeId":"S003132","bikeName":"Ginette","cost":0,"currency":"EUR","discountReason":"ponyMember","endTime":"2023-01-02T07:57:21Z","lockId":"S003132","ownerId":"wg7upBQEGOYj720g3ifO0ZIJwjK2","revenue":100,"startTime":"2023-01-02T07:51:55Z","trip_id":"-NKlSnGtmbIZ4VLh_nQJ","updated_at":"2023-01-02T07:57:26Z","userId":"qwVc9c1V6LfDeq5uPk8YpPcv5In1","vehicleId":"S003132","vehicleName":"Ginette","vehicle_adoption_id":"vehicle_adoption_0T10mnzyMhAzSpP2zOo7S4mF"},{"bikeId":"S003051","bikeName":"Henriette","cost":232,"currency":"EUR","endTime":"2023-01-01T23:18:58Z","lockId":"S003051","ownerId":"wg7upBQEGOYj720g3ifO0ZIJwjK2","revenue":96.66666666666667,"startTime":"2023-01-01T23:13:47Z","trip_id":"-NKjbCLj2c3VF3eWyYMD","updated_at":"2023-01-01T23:19:01Z","userId":"WyHrxAk37pRnC7rnintqj8kVCy03","vehicleId":"S003051","vehicleName":"Henriette","vehicle_adoption_id":"vehicle_adoption_0TIRlT7O3BOnAWyifsi7zIY1"},{"bikeId":"S003132","bikeName":"Ginette","cost":0,"currency":"EUR","discountReason":"ponyMember","endTime":"2023-01-01T17:09:43Z","lockId":"S003132","ownerId":"wg7upBQEGOYj720g3ifO0ZIJwjK2","revenue":100,"startTime":"2023-01-01T17:01:57Z","trip_id":"-NKiH5WujXmFPlXl0O7Y","updated_at":"2023-01-01T17:09:45Z","userId":"qwVc9c1V6LfDeq5uPk8YpPcv5In1","vehicleId":"S003132","vehicleName":"Ginette","vehicle_adoption_id":"vehicle_adoption_0T10mnzyMhAzSpP2zOo7S4mF"},{"bikeId":"S003132","bikeName":"Ginette","cost":108,"currency":"EUR","endTime":"2023-01-01T16:36:08Z","lockId":"S003132","ownerId":"wg7upBQEGOYj720g3ifO0ZIJwjK2","revenue":45,"startTime":"2023-01-01T16:32:41Z","trip_id":"-NKiAOs8Y32QZxErE391","updated_at":"2023-01-01T16:36:13Z","userId":"jNEfSnAYSMMY8bnsYfe3X91lXdF2","vehicleId":"S003132","vehicleName":"Ginette","vehicle_adoption_id":"vehicle_adoption_0T10mnzyMhAzSpP2zOo7S4mF"},{"bikeId":"S003132","bikeName":"Ginette","cost":837,"currency":"EUR","endTime":"2023-01-01T16:17:50Z","lockId":"S003132","ownerId":"wg7upBQEGOYj720g3ifO0ZIJwjK2","revenue":348.75,"startTime":"2023-01-01T15:47:49Z","trip_id":"-NKi07mZUssPNdgE8oxx","updated_at":"2023-01-01T16:17:51Z","userId":"tcmqxresowUjFFMvFGXPrQwJrSp1","vehicleId":"S003132","vehicleName":"Ginette","vehicle_adoption_id":"vehicle_adoption_0T10mnzyMhAzSpP2zOo7S4mF"},{"bikeId":"S003051","bikeName":"Henriette","cost":342,"currency":"EUR","endTime":"2023-01-01T00:24:02Z","lockId":"S003051","ownerId":"wg7upBQEGOYj720g3ifO0ZIJwjK2","revenue":142.5,"startTime":"2023-01-01T00:13:03Z","trip_id":"-NKefAgmyKJ3yw2doRBD","updated_at":"2023-01-01T00:24:04Z","userId":"FjYZlSUlbnOshzkhQ2GbFt6iWQx2","vehicleId":"S003051","vehicleName":"Henriette","vehicle_adoption_id":"vehicle_adoption_0TIRlT7O3BOnAWyifsi7zIY1"},{"bikeId":"S003051","bikeName":"Henriette","cost":298,"currency":"EUR","endTime":"2022-12-31T23:01:11Z","lockId":"S003051","ownerId":"wg7upBQEGOYj720g3ifO0ZIJwjK2","revenue":124.16666666666667,"startTime":"2022-12-31T22:52:16Z","trip_id":"-NKeNgXcUrIsE644SK4d","updated_at":"2022-12-31T23:01:13Z","userId":"kAXqfaGnErhuIswtL4yYIuN8Orh1","vehicleId":"S003051","vehicleName":"Henriette","vehicle_adoption_id":"vehicle_adoption_0TIRlT7O3BOnAWyifsi7zIY1"},{"bikeId":"S003051","bikeName":"Henriette","cost":430,"currency":"EUR","endTime":"2022-12-31T22:45:30Z","lockId":"S003051","ownerId":"wg7upBQEGOYj720g3ifO0ZIJwjK2","revenue":179.16666666666669,"startTime":"2022-12-31T22:31:04Z","trip_id":"-NKeIpwQ3c34WRdYLKxY","updated_at":"2022-12-31T22:45:32Z","userId":"kFhhQOIeDLM2ePgR148ptpzZsUt2","vehicleId":"S003051","vehicleName":"Henriette","vehicle_adoption_id":"vehicle_adoption_0TIRlT7O3BOnAWyifsi7zIY1"},{"bikeId":"S003051","bikeName":"Henriette","cost":804,"currency":"EUR","endTime":"2022-12-31T21:56:34Z","lockId":"S003051","ownerId":"wg7upBQEGOYj720g3ifO0ZIJwjK2","revenue":335,"startTime":"2022-12-31T21:24:47Z","trip_id":"-NKe3f2KPeELEWdqQDJF","updated_at":"2022-12-31T21:56:36Z","userId":"2RQGwiJpm8fKd2BTfBCVCHAzCkm1","vehicleId":"S003051","vehicleName":"Henriette","vehicle_adoption_id":"vehicle_adoption_0TIRlT7O3BOnAWyifsi7zIY1"},{"bikeId":"S003051","bikeName":"Henriette","cost":298,"currency":"EUR","endTime":"2022-12-31T20:53:44Z","lockId":"S003051","ownerId":"wg7upBQEGOYj720g3ifO0ZIJwjK2","revenue":124.16666666666667,"startTime":"2022-12-31T20:44:51Z","trip_id":"-NKdvX3Kj7USqKOJgwvd","updated_at":"2022-12-31T20:53:52Z","userId":"2RQGwiJpm8fKd2BTfBCVCHAzCkm1","vehicleId":"S003051","vehicleName":"Henriette","vehicle_adoption_id":"vehicle_adoption_0TIRlT7O3BOnAWyifsi7zIY1"},{"bikeId":"S003132","bikeName":"Ginette","cost":189,"currency":"EUR","endTime":"2022-12-31T12:17:18Z","lockId":"S003132","ownerId":"wg7upBQEGOYj720g3ifO0ZIJwjK2","revenue":78.75,"startTime":"2022-12-31T12:11:17Z","trip_id":"-NKc4yxtjmBYmpVqEI0C","updated_at":"2022-12-31T12:17:20Z","userId":"uJXFYKiUrXXwLQQanO01LvysJfL2","vehicleId":"S003132","vehicleName":"Ginette","vehicle_adoption_id":"vehicle_adoption_0T10mnzyMhAzSpP2zOo7S4mF"},{"bikeId":"S003132","bikeName":"Ginette","cost":0,"currency":"EUR","discountReason":"ponyMember","endTime":"2022-12-31T11:09:29Z","lockId":"S003132","ownerId":"wg7upBQEGOYj720g3ifO0ZIJwjK2","revenue":100,"startTime":"2022-12-31T10:56:37Z","trip_id":"-NKbotG9wwggolWCBzLo","updated_at":"2022-12-31T11:09:33Z","userId":"vsJTyTVa1LeW9Q94CBpmWDijh0C3","vehicleId":"S003132","vehicleName":"Ginette","vehicle_adoption_id":"vehicle_adoption_0T10mnzyMhAzSpP2zOo7S4mF"},{"bikeId":"S003132","bikeName":"Ginette","cost":216,"currency":"EUR","endTime":"2022-12-31T08:05:05Z","lockId":"S003132","ownerId":"wg7upBQEGOYj720g3ifO0ZIJwjK2","revenue":90,"startTime":"2022-12-31T07:57:32Z","trip_id":"-NKbAu-TcLCCtMAvGQFY","updated_at":"2022-12-31T08:05:09Z","userId":"QTlVNOvVw1bTtrpAV71Xky4Oeoc2","vehicleId":"S003132","vehicleName":"Ginette","vehicle_adoption_id":"vehicle_adoption_0T10mnzyMhAzSpP2zOo7S4mF"},{"bikeId":"S003132","bikeName":"Ginette","cost":0,"currency":"EUR","discountReason":"ponyMember","endTime":"2022-12-31T05:14:17Z","lockId":"S003132","ownerId":"wg7upBQEGOYj720g3ifO0ZIJwjK2","revenue":100,"startTime":"2022-12-31T05:03:02Z","trip_id":"-NKaYxwVXfZq9IyF1vl2","updated_at":"2022-12-31T05:14:20Z","userId":"BjJXvbECJThkeNMROn0QwqJzUtl2","vehicleId":"S003132","vehicleName":"Ginette","vehicle_adoption_id":"vehicle_adoption_0T10mnzyMhAzSpP2zOo7S4mF"},{"bikeId":"S003051","bikeName":"Henriette","cost":496,"currency":"EUR","endTime":"2022-12-31T03:40:38Z","lockId":"S003051","ownerId":"wg7upBQEGOYj720g3ifO0ZIJwjK2","revenue":206.66666666666669,"startTime":"2022-12-31T03:22:42Z","trip_id":"-NKaC-BeL0ltR8eeed9t","updated_at":"2022-12-31T03:40:42Z","userId":"6GuKC6aFqxfvZRQQwDAT88Lfxz73","vehicleId":"S003051","vehicleName":"Henriette","vehicle_adoption_id":"vehicle_adoption_0TIRlT7O3BOnAWyifsi7zIY1"},{"bikeId":"S003132","bikeName":"Ginette","cost":650,"currency":"EUR","endTime":"2022-12-31T03:15:10Z","lockId":"S003132","ownerId":"wg7upBQEGOYj720g3ifO0ZIJwjK2","revenue":270.83333333333337,"startTime":"2022-12-31T03:03:04Z","trip_id":"-NKa7VQTEkEEJOme9EDJ","updated_at":"2022-12-31T03:15:13Z","userId":"BjJXvbECJThkeNMROn0QwqJzUtl2","vehicleId":"S003132","vehicleName":"Ginette","vehicle_adoption_id":"vehicle_adoption_0T10mnzyMhAzSpP2zOo7S4mF"},{"bikeId":"S003132","bikeName":"Ginette","cost":0,"currency":"EUR","discountReason":"ponyMember","endTime":"2022-12-30T16:01:19Z","lockId":"S003132","ownerId":"wg7upBQEGOYj720g3ifO0ZIJwjK2","revenue":100,"startTime":"2022-12-30T15:54:42Z","trip_id":"-NKYjWti94Rced7xI3h2","updated_at":"2022-12-30T16:01:21Z","userId":"BOu2iB3OODYyM13WEgHC2FLK0Mp1","vehicleId":"S003132","vehicleName":"Ginette","vehicle_adoption_id":"vehicle_adoption_0T10mnzyMhAzSpP2zOo7S4mF"},{"bikeId":"S003051","bikeName":"Henriette","cost":386,"currency":"EUR","endTime":"2022-12-30T04:08:52Z","lockId":"S003051","ownerId":"wg7upBQEGOYj720g3ifO0ZIJwjK2","revenue":160.83333333333334,"startTime":"2022-12-30T03:56:34Z","trip_id":"-NKWA9Z-V6nG4zUobC1S","updated_at":"2022-12-30T04:08:56Z","userId":"lKorbC3c1rOIxgQ97YQgXnhVeI73","vehicleId":"S003051","vehicleName":"Henriette","vehicle_adoption_id":"vehicle_adoption_0TIRlT7O3BOnAWyifsi7zIY1"},{"bikeId":"S003051","bikeName":"Henriette","cost":0,"currency":"EUR","endTime":"2022-12-30T03:48:10Z","lockId":"S003051","ownerId":"wg7upBQEGOYj720g3ifO0ZIJwjK2","revenue":0,"startTime":"2022-12-30T03:47:46Z","trip_id":"-NKW88YIFcXl5W043Lca","updated_at":"2022-12-30T03:48:14Z","userId":"nZitgH4FN5deq8oOwhrihGYt6Ds2","vehicleId":"S003051","vehicleName":"Henriette","vehicle_adoption_id":"vehicle_adoption_0TIRlT7O3BOnAWyifsi7zIY1"},{"bikeId":"S003051","bikeName":"Henriette","cost":144,"currency":"EUR","endTime":"2022-12-30T01:28:25Z","lockId":"S003051","ownerId":"wg7upBQEGOYj720g3ifO0ZIJwjK2","revenue":60,"startTime":"2022-12-30T01:26:57Z","trip_id":"-NKVcuuT9miLKicPz8VB","updated_at":"2022-12-30T01:28:27Z","userId":"nuktNRDeH8bF9uTRiUBtdu4Fat13","vehicleId":"S003051","vehicleName":"Henriette","vehicle_adoption_id":"vehicle_adoption_0TIRlT7O3BOnAWyifsi7zIY1"},{"bikeId":"S003051","bikeName":"Henriette","cost":364,"currency":"EUR","endTime":"2022-12-29T18:52:44Z","lockId":"S003051","ownerId":"wg7upBQEGOYj720g3ifO0ZIJwjK2","revenue":151.66666666666669,"startTime":"2022-12-29T18:40:53Z","trip_id":"-NKUAyU5KglzmmN99o5r","updated_at":"2022-12-29T18:52:46Z","userId":"o4fzNNMeCharQLZYGdZdWdDuUuI2","vehicleId":"S003051","vehicleName":"Henriette","vehicle_adoption_id":"vehicle_adoption_0TIRlT7O3BOnAWyifsi7zIY1"},{"bikeId":"S003132","bikeName":"Ginette","cost":135,"currency":"EUR","endTime":"2022-12-29T17:12:39Z","lockId":"S003132","ownerId":"wg7upBQEGOYj720g3ifO0ZIJwjK2","revenue":56.25,"startTime":"2022-12-29T17:07:48Z","trip_id":"-NKTqf2LsSNT5PRA8BCt","updated_at":"2022-12-29T17:12:41Z","userId":"0C4VdHWvL0YxvOFm94JcCBwrzWo2","vehicleId":"S003132","vehicleName":"Ginette","vehicle_adoption_id":"vehicle_adoption_0T10mnzyMhAzSpP2zOo7S4mF"},{"bikeId":"S003132","bikeName":"Ginette","cost":108,"currency":"EUR","endTime":"2022-12-29T15:49:11Z","lockId":"S003132","ownerId":"wg7upBQEGOYj720g3ifO0ZIJwjK2","revenue":45,"startTime":"2022-12-29T15:45:13Z","trip_id":"-NKTYlMaUA1Hl_XvykH0","updated_at":"2022-12-29T15:49:14Z","userId":"LUJTLMPt97ZFQfYOh8tMUBXYOBS2","vehicleId":"S003132","vehicleName":"Ginette","vehicle_adoption_id":"vehicle_adoption_0T10mnzyMhAzSpP2zOo7S4mF"},{"bikeId":"S003051","bikeName":"Henriette","cost":386,"currency":"EUR","endTime":"2022-12-29T14:55:10Z","lockId":"S003051","ownerId":"wg7upBQEGOYj720g3ifO0ZIJwjK2","revenue":160.83333333333334,"startTime":"2022-12-29T14:42:20Z","trip_id":"-NKTKN7a3EH-VXLiysaJ","updated_at":"2022-12-29T14:55:13Z","userId":"o4fzNNMeCharQLZYGdZdWdDuUuI2","vehicleId":"S003051","vehicleName":"Henriette","vehicle_adoption_id":"vehicle_adoption_0TIRlT7O3BOnAWyifsi7zIY1"},{"bikeId":"S003051","bikeName":"Henriette","cost":298,"currency":"EUR","endTime":"2022-12-29T11:28:16Z","lockId":"S003051","ownerId":"wg7upBQEGOYj720g3ifO0ZIJwjK2","revenue":124.16666666666667,"startTime":"2022-12-29T11:19:43Z","trip_id":"-NKSb-2xDwJvshnkc8Me","updated_at":"2022-12-29T11:28:19Z","userId":"o4fzNNMeCharQLZYGdZdWdDuUuI2","vehicleId":"S003051","vehicleName":"Henriette","vehicle_adoption_id":"vehicle_adoption_0TIRlT7O3BOnAWyifsi7zIY1"},{"bikeId":"S003132","bikeName":"Ginette","cost":189,"currency":"EUR","endTime":"2022-12-26T19:06:44Z","lockId":"S003132","ownerId":"wg7upBQEGOYj720g3ifO0ZIJwjK2","revenue":78.75,"startTime":"2022-12-26T19:00:20Z","trip_id":"-NKEneH9_gdz3bQMs1kg","updated_at":"2022-12-26T19:06:47Z","userId":"x1t7YMb1PuTkQF6FDy0qWus1Qrs1","vehicleId":"S003132","vehicleName":"Ginette","vehicle_adoption_id":"vehicle_adoption_0T10mnzyMhAzSpP2zOo7S4mF"},{"bikeId":"S003132","bikeName":"Ginette","cost":108,"currency":"EUR","endTime":"2022-12-26T18:35:03Z","lockId":"S003132","ownerId":"wg7upBQEGOYj720g3ifO0ZIJwjK2","revenue":45,"startTime":"2022-12-26T18:31:29Z","trip_id":"-NKEh2ZyY-qkYZXEdaDT","updated_at":"2022-12-26T18:35:05Z","userId":"vHZGQu1l40MxQoyhGvaPxjNNnaB2","vehicleId":"S003132","vehicleName":"Ginette","vehicle_adoption_id":"vehicle_adoption_0T10mnzyMhAzSpP2zOo7S4mF"},{"bikeId":"S003132","bikeName":"Ginette","cost":270,"currency":"EUR","endTime":"2022-12-26T18:12:42Z","lockId":"S003132","ownerId":"wg7upBQEGOYj720g3ifO0ZIJwjK2","revenue":112.5,"startTime":"2022-12-26T18:03:34Z","trip_id":"-NKEaegKMF83z8_Cr765","updated_at":"2022-12-26T18:12:44Z","userId":"x1hjOxV6ITXt18l0f90v1SyqwQ72","vehicleId":"S003132","vehicleName":"Ginette","vehicle_adoption_id":"vehicle_adoption_0T10mnzyMhAzSpP2zOo7S4mF"},{"bikeId":"S003132","bikeName":"Ginette","cost":567,"currency":"EUR","endTime":"2022-12-26T16:10:43Z","lockId":"S003132","ownerId":"wg7upBQEGOYj720g3ifO0ZIJwjK2","revenue":236.25,"startTime":"2022-12-26T15:50:41Z","trip_id":"-NKE7F4WLntwwMcQgHy8","updated_at":"2022-12-26T16:10:46Z","userId":"x1hjOxV6ITXt18l0f90v1SyqwQ72","vehicleId":"S003132","vehicleName":"Ginette","vehicle_adoption_id":"vehicle_adoption_0T10mnzyMhAzSpP2zOo7S4mF"},{"bikeId":"S003132","bikeName":"Ginette","cost":0,"currency":"EUR","discountReason":"ponyMember","endTime":"2022-12-24T20:17:32Z","lockId":"S003132","ownerId":"wg7upBQEGOYj720g3ifO0ZIJwjK2","revenue":100,"startTime":"2022-12-24T19:51:20Z","trip_id":"-NK4g8sD3jRdH2jpJ8TX","updated_at":"2022-12-24T20:17:35Z","userId":"rOwRF6fVPsdLZHIRb6WDRENJlB62","vehicleId":"S003132","vehicleName":"Ginette","vehicle_adoption_id":"vehicle_adoption_0T10mnzyMhAzSpP2zOo7S4mF"},{"bikeId":"S003132","bikeName":"Ginette","cost":0,"currency":"EUR","discountReason":"ponyMember","endTime":"2022-12-24T15:55:19Z","lockId":"S003132","ownerId":"wg7upBQEGOYj720g3ifO0ZIJwjK2","revenue":100,"startTime":"2022-12-24T15:43:03Z","trip_id":"-NK3nJrpRZPRfUsumziC","updated_at":"2022-12-24T15:55:21Z","userId":"rOwRF6fVPsdLZHIRb6WDRENJlB62","vehicleId":"S003132","vehicleName":"Ginette","vehicle_adoption_id":"vehicle_adoption_0T10mnzyMhAzSpP2zOo7S4mF"},{"bikeId":"S003132","bikeName":"Ginette","cost":750,"currency":"EUR","endTime":"2022-12-22T04:08:04Z","lockId":"S003132","ownerId":"wg7upBQEGOYj720g3ifO0ZIJwjK2","revenue":312.5,"startTime":"2022-12-22T03:53:10Z","trip_id":"-NJrxeiM2TrOD9ABy5qT","updated_at":"2022-12-22T04:08:08Z","userId":"eX0K3M0DKfepRj11OsFBPBooRpr2","vehicleId":"S003132","vehicleName":"Ginette","vehicle_adoption_id":"vehicle_adoption_0T10mnzyMhAzSpP2zOo7S4mF"},{"bikeId":"S003132","bikeName":"Ginette","cost":450,"currency":"EUR","endTime":"2022-12-21T23:54:31Z","lockId":"S003132","ownerId":"wg7upBQEGOYj720g3ifO0ZIJwjK2","revenue":187.5,"startTime":"2022-12-21T23:45:50Z","trip_id":"-NJr42Y6dPZWlGG7CqGE","updated_at":"2022-12-21T23:54:36Z","userId":"eSCcuUvUdMZMrF8yQvSB5VnbK3C3","vehicleId":"S003132","vehicleName":"Ginette","vehicle_adoption_id":"vehicle_adoption_0T10mnzyMhAzSpP2zOo7S4mF"},{"bikeId":"S003132","bikeName":"Ginette","cost":567,"currency":"EUR","endTime":"2022-12-21T19:46:41Z","lockId":"S003132","ownerId":"wg7upBQEGOYj720g3ifO0ZIJwjK2","revenue":236.25,"startTime":"2022-12-21T19:26:36Z","trip_id":"-NJq8iK1ggq9Gn52Xjma","updated_at":"2022-12-21T19:46:43Z","userId":"aEkiB9QVNqNacYZ6efIr95EXdO63","vehicleId":"S003132","vehicleName":"Ginette","vehicle_adoption_id":"vehicle_adoption_0T10mnzyMhAzSpP2zOo7S4mF"},{"bikeId":"S003132","bikeName":"Ginette","cost":486,"currency":"EUR","endTime":"2022-12-21T16:51:19Z","lockId":"S003132","ownerId":"wg7upBQEGOYj720g3ifO0ZIJwjK2","revenue":202.5,"startTime":"2022-12-21T16:33:19Z","trip_id":"-NJpX2q-KCPnpQIfcGE4","updated_at":"2022-12-21T16:51:21Z","userId":"sWC8LkyqIUXVGcbTBfPClzKfe4z1","vehicleId":"S003132","vehicleName":"Ginette","vehicle_adoption_id":"vehicle_adoption_0T10mnzyMhAzSpP2zOo7S4mF"},{"bikeId":"S003132","bikeName":"Ginette","cost":0,"currency":"EUR","discountReason":"ponyMember","endTime":"2022-12-21T16:23:05Z","lockId":"S003132","ownerId":"wg7upBQEGOYj720g3ifO0ZIJwjK2","revenue":100,"startTime":"2022-12-21T16:15:27Z","trip_id":"-NJpSyJ-T76ZG4GSEah3","updated_at":"2022-12-21T16:23:07Z","userId":"qwVc9c1V6LfDeq5uPk8YpPcv5In1","vehicleId":"S003132","vehicleName":"Ginette","vehicle_adoption_id":"vehicle_adoption_0T10mnzyMhAzSpP2zOo7S4mF"},{"bikeId":"S003132","bikeName":"Ginette","cost":135,"currency":"EUR","endTime":"2022-12-21T12:22:06Z","lockId":"S003132","ownerId":"wg7upBQEGOYj720g3ifO0ZIJwjK2","revenue":56.25,"startTime":"2022-12-21T12:17:28Z","trip_id":"-NJobVE_iqOrRP8W2fui","updated_at":"2022-12-21T12:22:15Z","userId":"ymE1ucwhT2W4nd1n7xjdM0uRYJa2","vehicleId":"S003132","vehicleName":"Ginette","vehicle_adoption_id":"vehicle_adoption_0T10mnzyMhAzSpP2zOo7S4mF"},{"bikeId":"S003132","bikeName":"Ginette","cost":81,"currency":"EUR","endTime":"2022-12-20T15:59:24Z","lockId":"S003132","ownerId":"wg7upBQEGOYj720g3ifO0ZIJwjK2","revenue":33.75,"startTime":"2022-12-20T15:56:43Z","trip_id":"-NJkF4x4fQzvLWWbgXH6","updated_at":"2022-12-20T15:59:26Z","userId":"HHSvjtK2PvV9rBEPUctF2lmGAAV2","vehicleId":"S003132","vehicleName":"Ginette","vehicle_adoption_id":"vehicle_adoption_0T10mnzyMhAzSpP2zOo7S4mF"},{"bikeId":"S003132","bikeName":"Ginette","cost":675,"currency":"EUR","endTime":"2022-12-20T15:50:04Z","lockId":"S003132","ownerId":"wg7upBQEGOYj720g3ifO0ZIJwjK2","revenue":281.25,"startTime":"2022-12-20T15:25:31Z","trip_id":"-NJk7wuX2Tm2EhVDgRw6","updated_at":"2022-12-20T15:50:06Z","userId":"KmrjkqFiaqh9Fy4fC9LMn3Rcz1c2","vehicleId":"S003132","vehicleName":"Ginette","vehicle_adoption_id":"vehicle_adoption_0T10mnzyMhAzSpP2zOo7S4mF"},{"bikeId":"S003132","bikeName":"Ginette","cost":1053,"currency":"EUR","endTime":"2022-12-20T14:38:07Z","lockId":"S003132","ownerId":"wg7upBQEGOYj720g3ifO0ZIJwjK2","revenue":438.75,"startTime":"2022-12-20T13:59:41Z","trip_id":"-NJjpIf4p9GiGNFVgeEs","updated_at":"2022-12-20T14:38:09Z","userId":"HHSvjtK2PvV9rBEPUctF2lmGAAV2","vehicleId":"S003132","vehicleName":"Ginette","vehicle_adoption_id":"vehicle_adoption_0T10mnzyMhAzSpP2zOo7S4mF"},{"bikeId":"S003132","bikeName":"Ginette","cost":108,"currency":"EUR","endTime":"2022-12-20T13:38:08Z","lockId":"S003132","ownerId":"wg7upBQEGOYj720g3ifO0ZIJwjK2","revenue":45,"startTime":"2022-12-20T13:34:28Z","trip_id":"-NJjjXAf0JFKAxaK8RIg","updated_at":"2022-12-20T13:38:11Z","userId":"HHSvjtK2PvV9rBEPUctF2lmGAAV2","vehicleId":"S003132","vehicleName":"Ginette","vehicle_adoption_id":"vehicle_adoption_0T10mnzyMhAzSpP2zOo7S4mF"},{"bikeId":"S003132","bikeName":"Ginette","cost":189,"currency":"EUR","endTime":"2022-12-20T10:27:38Z","lockId":"S003132","ownerId":"wg7upBQEGOYj720g3ifO0ZIJwjK2","revenue":78.75,"startTime":"2022-12-20T10:20:50Z","trip_id":"-NJj2CmPZf89jC_9dBeL","updated_at":"2022-12-20T10:27:40Z","userId":"2tCI2foAgaXqU1hepdxGdNM91lH3","vehicleId":"S003132","vehicleName":"Ginette","vehicle_adoption_id":"vehicle_adoption_0T10mnzyMhAzSpP2zOo7S4mF"},{"bikeId":"S003132","bikeName":"Ginette","cost":216,"currency":"EUR","endTime":"2022-12-20T08:19:57Z","lockId":"S003132","ownerId":"wg7upBQEGOYj720g3ifO0ZIJwjK2","revenue":90,"startTime":"2022-12-20T08:12:54Z","trip_id":"-NJi_vrbVhuqq23zWEFD","updated_at":"2022-12-20T08:19:59Z","userId":"2tCI2foAgaXqU1hepdxGdNM91lH3","vehicleId":"S003132","vehicleName":"Ginette","vehicle_adoption_id":"vehicle_adoption_0T10mnzyMhAzSpP2zOo7S4mF"},{"bikeId":"S003132","bikeName":"Ginette","cost":850,"currency":"EUR","endTime":"2022-12-19T23:11:18Z","lockId":"S003132","ownerId":"wg7upBQEGOYj720g3ifO0ZIJwjK2","revenue":354.1666666666667,"startTime":"2022-12-19T22:54:37Z","trip_id":"-NJga8qFLva_DwJZucSk","updated_at":"2022-12-19T23:11:20Z","userId":"it1dJWbOYJZY8b6kr7iexUFMszy1","vehicleId":"S003132","vehicleName":"Ginette","vehicle_adoption_id":"vehicle_adoption_0T10mnzyMhAzSpP2zOo7S4mF"},{"bikeId":"S003132","bikeName":"Ginette","cost":513,"currency":"EUR","endTime":"2022-12-19T10:01:19Z","lockId":"S003132","ownerId":"wg7upBQEGOYj720g3ifO0ZIJwjK2","revenue":213.75,"startTime":"2022-12-19T09:42:26Z","trip_id":"-NJdkpWbSikfbMF1J-D0","updated_at":"2022-12-19T10:01:28Z","userId":"it1dJWbOYJZY8b6kr7iexUFMszy1","vehicleId":"S003132","vehicleName":"Ginette","vehicle_adoption_id":"vehicle_adoption_0T10mnzyMhAzSpP2zOo7S4mF"},{"bikeId":"S003132","bikeName":"Ginette","cost":324,"currency":"EUR","endTime":"2022-12-18T18:12:16Z","lockId":"S003132","ownerId":"wg7upBQEGOYj720g3ifO0ZIJwjK2","revenue":135,"startTime":"2022-12-18T18:01:00Z","trip_id":"-NJaOM2YvQcinijN6P3e","updated_at":"2022-12-18T18:12:18Z","userId":"EF051k4YEgT0pabCT9QA0l8RLz52","vehicleId":"S003132","vehicleName":"Ginette","vehicle_adoption_id":"vehicle_adoption_0T10mnzyMhAzSpP2zOo7S4mF"},{"bikeId":"S003132","bikeName":"Ginette","cost":54,"currency":"EUR","endTime":"2022-12-18T18:00:39Z","lockId":"S003132","ownerId":"wg7upBQEGOYj720g3ifO0ZIJwjK2","revenue":22.5,"startTime":"2022-12-18T17:59:16Z","trip_id":"-NJaNxkjcHD1gUp3Dwhy","updated_at":"2022-12-18T18:00:47Z","userId":"qmWIsYFTxagASshvVNMX4Un2t013","vehicleId":"S003132","vehicleName":"Ginette","vehicle_adoption_id":"vehicle_adoption_0T10mnzyMhAzSpP2zOo7S4mF"},{"bikeId":"S003132","bikeName":"Ginette","cost":108,"currency":"EUR","endTime":"2022-12-18T14:31:15Z","lockId":"S003132","ownerId":"wg7upBQEGOYj720g3ifO0ZIJwjK2","revenue":45,"startTime":"2022-12-18T14:28:11Z","trip_id":"-NJ_cdj4ko4-RV0MnWAf","updated_at":"2022-12-18T14:31:17Z","userId":"UrTb3mdXBHSA80N2eqxqTCvnWkw1","vehicleId":"S003132","vehicleName":"Ginette","vehicle_adoption_id":"vehicle_adoption_0T10mnzyMhAzSpP2zOo7S4mF"},{"bikeId":"S003132","bikeName":"Ginette","cost":108,"currency":"EUR","endTime":"2022-12-18T14:01:13Z","lockId":"S003132","ownerId":"wg7upBQEGOYj720g3ifO0ZIJwjK2","revenue":45,"startTime":"2022-12-18T13:57:35Z","trip_id":"-NJ_WdWm2Spt24R9O0Rd","updated_at":"2022-12-18T14:01:16Z","userId":"bRwXnVP47YX2bbexeqkAb2RQFwn2","vehicleId":"S003132","vehicleName":"Ginette","vehicle_adoption_id":"vehicle_adoption_0T10mnzyMhAzSpP2zOo7S4mF"},{"bikeId":"S003132","bikeName":"Ginette","cost":189,"currency":"EUR","endTime":"2022-12-15T16:35:49Z","lockId":"S003132","ownerId":"wg7upBQEGOYj720g3ifO0ZIJwjK2","revenue":78.75,"startTime":"2022-12-15T16:28:55Z","trip_id":"-NJLbVxCrZd_AWQP2uDj","updated_at":"2022-12-15T16:35:51Z","userId":"kZJdmS8dj0XMeu5f7dQuiLM5N143","vehicleId":"S003132","vehicleName":"Ginette","vehicle_adoption_id":"vehicle_adoption_0T10mnzyMhAzSpP2zOo7S4mF"},{"bikeId":"S003132","bikeName":"Ginette","cost":162,"currency":"EUR","endTime":"2022-12-15T16:18:38Z","lockId":"S003132","ownerId":"wg7upBQEGOYj720g3ifO0ZIJwjK2","revenue":67.5,"startTime":"2022-12-15T16:13:36Z","trip_id":"-NJLZ-_Y8iIB47qa4vzk","updated_at":"2022-12-15T16:18:40Z","userId":"kZJdmS8dj0XMeu5f7dQuiLM5N143","vehicleId":"S003132","vehicleName":"Ginette","vehicle_adoption_id":"vehicle_adoption_0T10mnzyMhAzSpP2zOo7S4mF"},{"bikeId":"S003132","bikeName":"Ginette","cost":81,"currency":"EUR","endTime":"2022-12-15T15:31:42Z","lockId":"S003132","ownerId":"wg7upBQEGOYj720g3ifO0ZIJwjK2","revenue":33.75,"startTime":"2022-12-15T15:29:05Z","trip_id":"-NJLOoQ3tsb0GWwXKc83","updated_at":"2022-12-15T15:31:44Z","userId":"naBcXjJoxFWUWSBAN3WvcxLdfIw2","vehicleId":"S003132","vehicleName":"Ginette","vehicle_adoption_id":"vehicle_adoption_0T10mnzyMhAzSpP2zOo7S4mF"},{"bikeId":"S003132","bikeName":"Ginette","cost":108,"currency":"EUR","endTime":"2022-12-15T15:27:36Z","lockId":"S003132","ownerId":"wg7upBQEGOYj720g3ifO0ZIJwjK2","revenue":45,"startTime":"2022-12-15T15:24:14Z","trip_id":"-NJLNhTw4cU2f9TkAFl8","updated_at":"2022-12-15T15:27:39Z","userId":"naBcXjJoxFWUWSBAN3WvcxLdfIw2","vehicleId":"S003132","vehicleName":"Ginette","vehicle_adoption_id":"vehicle_adoption_0T10mnzyMhAzSpP2zOo7S4mF"},{"bikeId":"S003132","bikeName":"Ginette","cost":162,"currency":"EUR","endTime":"2022-12-15T07:45:17Z","lockId":"S003132","ownerId":"wg7upBQEGOYj720g3ifO0ZIJwjK2","revenue":67.5,"startTime":"2022-12-15T07:39:39Z","trip_id":"-NJJiMwAOsyS96p-7b6l","updated_at":"2022-12-15T07:45:21Z","userId":"B7TZ5b8pccOyuFAcXwZgoAE4J9M2","vehicleId":"S003132","vehicleName":"Ginette","vehicle_adoption_id":"vehicle_adoption_0T10mnzyMhAzSpP2zOo7S4mF"},{"bikeId":"S003132","bikeName":"Ginette","cost":135,"currency":"EUR","endTime":"2022-12-14T18:26:12Z","lockId":"S003132","ownerId":"wg7upBQEGOYj720g3ifO0ZIJwjK2","revenue":56.25,"startTime":"2022-12-14T18:21:46Z","trip_id":"-NJGrkO-Qq9O68akMFNB","updated_at":"2022-12-14T18:26:14Z","userId":"pzzGYZu1vvd1JTFBx6MONkACKy93","vehicleId":"S003132","vehicleName":"Ginette","vehicle_adoption_id":"vehicle_adoption_0T10mnzyMhAzSpP2zOo7S4mF"},{"bikeId":"S003132","bikeName":"Ginette","cost":162,"currency":"EUR","endTime":"2022-12-14T16:01:41Z","lockId":"S003132","ownerId":"wg7upBQEGOYj720g3ifO0ZIJwjK2","revenue":67.5,"startTime":"2022-12-14T15:55:49Z","trip_id":"-NJGLLIkEFy7SBP6wM1f","updated_at":"2022-12-14T16:01:44Z","userId":"Og1WEkHuSHXgI56uTU7UzdSevPj2","vehicleId":"S003132","vehicleName":"Ginette","vehicle_adoption_id":"vehicle_adoption_0T10mnzyMhAzSpP2zOo7S4mF"},{"bikeId":"S003132","bikeName":"Ginette","cost":162,"currency":"EUR","endTime":"2022-12-14T11:40:15Z","lockId":"S003132","ownerId":"wg7upBQEGOYj720g3ifO0ZIJwjK2","revenue":67.5,"startTime":"2022-12-14T11:34:24Z","trip_id":"-NJFPW2uwt2Ilu7Y1c27","updated_at":"2022-12-14T11:40:18Z","userId":"ohGBb2of0OMr4LLxzpjj3we5goC2","vehicleId":"S003132","vehicleName":"Ginette","vehicle_adoption_id":"vehicle_adoption_0T10mnzyMhAzSpP2zOo7S4mF"},{"bikeId":"S003132","bikeName":"Ginette","cost":189,"currency":"EUR","endTime":"2022-12-14T11:09:27Z","lockId":"S003132","ownerId":"wg7upBQEGOYj720g3ifO0ZIJwjK2","revenue":78.75,"startTime":"2022-12-14T11:03:16Z","trip_id":"-NJFINuM1k63TJdhvoGm","updated_at":"2022-12-14T11:09:32Z","userId":"cFxNG4Ere2d8ltKw4UXiMmfmq1i2","vehicleId":"S003132","vehicleName":"Ginette","vehicle_adoption_id":"vehicle_adoption_0T10mnzyMhAzSpP2zOo7S4mF"},{"bikeId":"S003132","bikeName":"Ginette","cost":27,"currency":"EUR","discountReason":"ponyMember","endTime":"2022-12-13T16:53:27Z","lockId":"S003132","ownerId":"wg7upBQEGOYj720g3ifO0ZIJwjK2","revenue":43.25,"startTime":"2022-12-13T16:13:14Z","trip_id":"-NJBFjdLGvBnCzbY4sYI","updated_at":"2022-12-13T16:53:29Z","userId":"lYJMGbzeqESguBdnhh5ieV9drc42","vehicleId":"S003132","vehicleName":"Ginette","vehicle_adoption_id":"vehicle_adoption_0T10mnzyMhAzSpP2zOo7S4mF"},{"bikeId":"S003132","bikeName":"Ginette","cost":189,"currency":"EUR","endTime":"2022-12-13T12:52:30Z","lockId":"S003132","ownerId":"wg7upBQEGOYj720g3ifO0ZIJwjK2","revenue":78.75,"startTime":"2022-12-13T12:46:24Z","trip_id":"-NJAWOs9QeAfrmBxx2Ea","updated_at":"2022-12-13T12:52:33Z","userId":"9QkxsD66zGYu7vX8a2wqUO1FN0J3","vehicleId":"S003132","vehicleName":"Ginette","vehicle_adoption_id":"vehicle_adoption_0T10mnzyMhAzSpP2zOo7S4mF"},{"bikeId":"S003132","bikeName":"Ginette","cost":135,"currency":"EUR","endTime":"2022-12-13T10:09:20Z","lockId":"S003132","ownerId":"wg7upBQEGOYj720g3ifO0ZIJwjK2","revenue":56.25,"startTime":"2022-12-13T10:04:27Z","trip_id":"-NJ9wKaJ_8Y1qegPcOrK","updated_at":"2022-12-13T10:09:23Z","userId":"77Db7k85fjPPJCjiBd4Gp0F3P7Z2","vehicleId":"S003132","vehicleName":"Ginette","vehicle_adoption_id":"vehicle_adoption_0T10mnzyMhAzSpP2zOo7S4mF"},{"bikeId":"S003132","bikeName":"Ginette","cost":135,"currency":"EUR","endTime":"2022-12-13T07:18:20Z","lockId":"S003132","ownerId":"wg7upBQEGOYj720g3ifO0ZIJwjK2","revenue":56.25,"startTime":"2022-12-13T07:13:40Z","trip_id":"-NJ9KEvYx09kt12yJXyR","updated_at":"2022-12-13T07:18:23Z","userId":"5eAscylzoJZsCdVsUkDCfkarWok2","vehicleId":"S003132","vehicleName":"Ginette","vehicle_adoption_id":"vehicle_adoption_0T10mnzyMhAzSpP2zOo7S4mF"},{"bikeId":"S003132","bikeName":"Ginette","cost":3618,"currency":"EUR","endTime":"2022-12-13T09:27:09Z","lockId":"S003132","ownerId":"wg7upBQEGOYj720g3ifO0ZIJwjK2","revenue":1507.5,"startTime":"2022-12-13T07:13:38Z","trip_id":"-NJ9KEJjiItzGRomTqRk","updated_at":"2022-12-13T09:27:12Z","userId":"5eAscylzoJZsCdVsUkDCfkarWok2","vehicleId":"S003132","vehicleName":"Ginette","vehicle_adoption_id":"vehicle_adoption_0T10mnzyMhAzSpP2zOo7S4mF"},{"bikeId":"S003132","bikeName":"Ginette","cost":162,"currency":"EUR","endTime":"2022-12-13T05:11:42Z","lockId":"S003132","ownerId":"wg7upBQEGOYj720g3ifO0ZIJwjK2","revenue":67.5,"startTime":"2022-12-13T05:06:09Z","trip_id":"-NJ8s2y41h-7kMYjneR7","updated_at":"2022-12-13T05:11:46Z","userId":"aPMOTDqjDuPvVM3hrb6TzfGK2UB3","vehicleId":"S003132","vehicleName":"Ginette","vehicle_adoption_id":"vehicle_adoption_0T10mnzyMhAzSpP2zOo7S4mF"},{"bikeId":"S003132","bikeName":"Ginette","cost":297,"currency":"EUR","endTime":"2022-12-12T17:51:56Z","lockId":"S003132","ownerId":"wg7upBQEGOYj720g3ifO0ZIJwjK2","revenue":123.75,"startTime":"2022-12-12T17:41:34Z","trip_id":"-NJ6QMwfj_Ov2rbTpNI6","updated_at":"2022-12-12T17:51:58Z","userId":"Dscixj4vrZTx5yMBllWxSXVnxGm1","vehicleId":"S003132","vehicleName":"Ginette","vehicle_adoption_id":"vehicle_adoption_0T10mnzyMhAzSpP2zOo7S4mF"},{"bikeId":"S003132","bikeName":"Ginette","cost":162,"currency":"EUR","endTime":"2022-12-12T16:35:23Z","lockId":"S003132","ownerId":"wg7upBQEGOYj720g3ifO0ZIJwjK2","revenue":67.5,"startTime":"2022-12-12T16:29:37Z","trip_id":"-NJ69txLbCwyBdmpPuPE","updated_at":"2022-12-12T16:35:25Z","userId":"85utgxf963VpSpwpFoDfir6Wnqu2","vehicleId":"S003132","vehicleName":"Ginette","vehicle_adoption_id":"vehicle_adoption_0T10mnzyMhAzSpP2zOo7S4mF"},{"bikeId":"S003132","bikeName":"Ginette","cost":189,"currency":"EUR","endTime":"2022-12-12T06:53:49Z","lockId":"S003132","ownerId":"wg7upBQEGOYj720g3ifO0ZIJwjK2","revenue":78.75,"startTime":"2022-12-12T06:47:26Z","trip_id":"-NJ44dtElHZTT4WPnZ54","updated_at":"2022-12-12T06:53:51Z","userId":"HWa1PTrp13bTSkLRCtMx4Ld5WdA3","vehicleId":"S003132","vehicleName":"Ginette","vehicle_adoption_id":"vehicle_adoption_0T10mnzyMhAzSpP2zOo7S4mF"},{"bikeId":"S003132","bikeName":"Ginette","cost":350,"currency":"EUR","endTime":"2022-12-11T21:42:14Z","lockId":"S003132","ownerId":"wg7upBQEGOYj720g3ifO0ZIJwjK2","revenue":145.83333333333334,"startTime":"2022-12-11T21:36:02Z","trip_id":"-NJ26Rgw5O8pEbqeadXP","updated_at":"2022-12-11T21:42:16Z","userId":"HWa1PTrp13bTSkLRCtMx4Ld5WdA3","vehicleId":"S003132","vehicleName":"Ginette","vehicle_adoption_id":"vehicle_adoption_0T10mnzyMhAzSpP2zOo7S4mF"},{"bikeId":"S003132","bikeName":"Ginette","cost":189,"currency":"EUR","endTime":"2022-12-11T19:11:18Z","lockId":"S003132","ownerId":"wg7upBQEGOYj720g3ifO0ZIJwjK2","revenue":78.75,"startTime":"2022-12-11T19:05:14Z","trip_id":"-NJ1ZvgmZgFqBVDHGFpD","updated_at":"2022-12-11T19:11:22Z","userId":"HWa1PTrp13bTSkLRCtMx4Ld5WdA3","vehicleId":"S003132","vehicleName":"Ginette","vehicle_adoption_id":"vehicle_adoption_0T10mnzyMhAzSpP2zOo7S4mF"},{"bikeId":"S003132","bikeName":"Ginette","cost":54,"currency":"EUR","endTime":"2022-12-11T18:36:05Z","lockId":"S003132","ownerId":"wg7upBQEGOYj720g3ifO0ZIJwjK2","revenue":22.5,"startTime":"2022-12-11T18:34:09Z","trip_id":"-NJ1SoXqBns97F4pZJgw","updated_at":"2022-12-11T18:36:07Z","userId":"HWa1PTrp13bTSkLRCtMx4Ld5WdA3","vehicleId":"S003132","vehicleName":"Ginette","vehicle_adoption_id":"vehicle_adoption_0T10mnzyMhAzSpP2zOo7S4mF"},{"bikeId":"S003132","bikeName":"Ginette","cost":162,"currency":"EUR","endTime":"2022-12-09T14:57:17Z","lockId":"S003132","ownerId":"wg7upBQEGOYj720g3ifO0ZIJwjK2","revenue":67.5,"startTime":"2022-12-09T14:51:25Z","trip_id":"-NIrMeMaIyQ7ZbEOCJnq","updated_at":"2022-12-09T14:57:19Z","userId":"0enGZhMtB0SA8UneKDxurE4xuVu1","vehicleId":"S003132","vehicleName":"Ginette","vehicle_adoption_id":"vehicle_adoption_0T10mnzyMhAzSpP2zOo7S4mF"},{"bikeId":"S003132","bikeName":"Ginette","cost":81,"currency":"EUR","endTime":"2022-12-09T11:31:10Z","lockId":"S003132","ownerId":"wg7upBQEGOYj720g3ifO0ZIJwjK2","revenue":33.75,"startTime":"2022-12-09T11:28:53Z","trip_id":"-NIqdIY4wINT-Yz2yiOn","updated_at":"2022-12-09T11:31:12Z","userId":"3MFuIn9gtUe3z71nXxVpTWL77AF2","vehicleId":"S003132","vehicleName":"Ginette","vehicle_adoption_id":"vehicle_adoption_0T10mnzyMhAzSpP2zOo7S4mF"},{"bikeId":"S003132","bikeName":"Ginette","cost":1000,"currency":"EUR","endTime":"2022-12-08T20:55:56Z","lockId":"S003132","ownerId":"wg7upBQEGOYj720g3ifO0ZIJwjK2","revenue":416.6666666666667,"startTime":"2022-12-08T20:36:38Z","trip_id":"-NInS4NXjRb5dWKEWngi","updated_at":"2022-12-08T20:55:58Z","userId":"AsGBKCBfS2UMjWabTGdwBED5pzt1","vehicleId":"S003132","vehicleName":"Ginette","vehicle_adoption_id":"vehicle_adoption_0T10mnzyMhAzSpP2zOo7S4mF"},{"bikeId":"S003132","bikeName":"Ginette","cost":0,"currency":"EUR","discountReason":"ponyMember","endTime":"2022-12-08T18:11:27Z","lockId":"S003132","ownerId":"wg7upBQEGOYj720g3ifO0ZIJwjK2","revenue":100,"startTime":"2022-12-08T17:52:56Z","trip_id":"-NImrbU4N3yxi4cf9xqg","updated_at":"2022-12-08T18:11:29Z","userId":"yswqfFZBNFhxKw2dD96bvNyR21k1","vehicleId":"S003132","vehicleName":"Ginette","vehicle_adoption_id":"vehicle_adoption_0T10mnzyMhAzSpP2zOo7S4mF"},{"bikeId":"S003132","bikeName":"Ginette","cost":0,"currency":"EUR","discountReason":"ponyMember","endTime":"2022-12-08T09:16:37Z","lockId":"S003132","ownerId":"wg7upBQEGOYj720g3ifO0ZIJwjK2","revenue":100,"startTime":"2022-12-08T09:08:17Z","trip_id":"-NIkzX5AOKzvk371hdM2","updated_at":"2022-12-08T09:16:41Z","userId":"yswqfFZBNFhxKw2dD96bvNyR21k1","vehicleId":"S003132","vehicleName":"Ginette","vehicle_adoption_id":"vehicle_adoption_0T10mnzyMhAzSpP2zOo7S4mF"},{"bikeId":"S003132","bikeName":"Ginette","cost":0,"currency":"EUR","discountReason":"ponyMember","endTime":"2022-12-08T08:12:46Z","lockId":"S003132","ownerId":"wg7upBQEGOYj720g3ifO0ZIJwjK2","revenue":100,"startTime":"2022-12-08T07:52:49Z","trip_id":"-NIkiFieeqNaJsuQDtYa","updated_at":"2022-12-08T08:12:48Z","userId":"yswqfFZBNFhxKw2dD96bvNyR21k1","vehicleId":"S003132","vehicleName":"Ginette","vehicle_adoption_id":"vehicle_adoption_0T10mnzyMhAzSpP2zOo7S4mF"},{"bikeId":"S003132","bikeName":"Ginette","cost":270,"currency":"EUR","endTime":"2022-12-07T16:01:54Z","lockId":"S003132","ownerId":"wg7upBQEGOYj720g3ifO0ZIJwjK2","revenue":112.5,"startTime":"2022-12-07T15:52:14Z","trip_id":"-NIhHObtIe9j5f7Pp91q","updated_at":"2022-12-07T16:01:56Z","userId":"JtKPGvZbpNcAomsEYvBEGPYZJMl2","vehicleId":"S003132","vehicleName":"Ginette","vehicle_adoption_id":"vehicle_adoption_0T10mnzyMhAzSpP2zOo7S4mF"},{"bikeId":"S003132","bikeName":"Ginette","cost":378,"currency":"EUR","endTime":"2022-12-07T06:18:33Z","lockId":"S003132","ownerId":"wg7upBQEGOYj720g3ifO0ZIJwjK2","revenue":157.5,"startTime":"2022-12-07T06:05:07Z","trip_id":"-NIfB0LqzExjHMhyCxNM","updated_at":"2022-12-07T06:18:37Z","userId":"NLhRvT9PsyRcvOf6HdeM5fSq3Dw1","vehicleId":"S003132","vehicleName":"Ginette","vehicle_adoption_id":"vehicle_adoption_0T10mnzyMhAzSpP2zOo7S4mF"},{"bikeId":"S003132","bikeName":"Ginette","cost":300,"currency":"EUR","endTime":"2022-12-06T22:15:32Z","lockId":"S003132","ownerId":"wg7upBQEGOYj720g3ifO0ZIJwjK2","revenue":125,"startTime":"2022-12-06T22:10:22Z","trip_id":"-NIdULtTQf3tXMvU_4BF","updated_at":"2022-12-06T22:15:34Z","userId":"UNSnQ9e9ZteckVM9B8dL9F9SJhi1","vehicleId":"S003132","vehicleName":"Ginette","vehicle_adoption_id":"vehicle_adoption_0T10mnzyMhAzSpP2zOo7S4mF"},{"bikeId":"S003132","bikeName":"Ginette","cost":300,"currency":"EUR","endTime":"2022-12-06T21:57:34Z","lockId":"S003132","ownerId":"wg7upBQEGOYj720g3ifO0ZIJwjK2","revenue":125,"startTime":"2022-12-06T21:51:34Z","trip_id":"-NIdQ2UmVA56Ah_hbC5M","updated_at":"2022-12-06T21:57:35Z","userId":"jEJT4PLGpcgVB1czi0x7SsUEfUl1","vehicleId":"S003132","vehicleName":"Ginette","vehicle_adoption_id":"vehicle_adoption_0T10mnzyMhAzSpP2zOo7S4mF"},{"bikeId":"S003132","bikeName":"Ginette","cost":216,"currency":"EUR","endTime":"2022-12-06T18:43:46Z","lockId":"S003132","ownerId":"wg7upBQEGOYj720g3ifO0ZIJwjK2","revenue":90,"startTime":"2022-12-06T18:36:00Z","trip_id":"-NIciHoehiunLOEYPuoj","updated_at":"2022-12-06T18:43:49Z","userId":"jEJT4PLGpcgVB1czi0x7SsUEfUl1","vehicleId":"S003132","vehicleName":"Ginette","vehicle_adoption_id":"vehicle_adoption_0T10mnzyMhAzSpP2zOo7S4mF"},{"bikeId":"S003132","bikeName":"Ginette","cost":0,"currency":"EUR","discountReason":"ponyMember","endTime":"2022-12-06T16:14:08Z","lockId":"S003132","ownerId":"wg7upBQEGOYj720g3ifO0ZIJwjK2","revenue":100,"startTime":"2022-12-06T16:06:31Z","trip_id":"-NIcB48FUx4eZqcktqFA","updated_at":"2022-12-06T16:14:10Z","userId":"OyHl42uk5Ecn9R0ZpYhy67Xcrbz1","vehicleId":"S003132","vehicleName":"Ginette","vehicle_adoption_id":"vehicle_adoption_0T10mnzyMhAzSpP2zOo7S4mF"},{"bikeId":"S003132","bikeName":"Ginette","cost":108,"currency":"EUR","endTime":"2022-12-06T15:03:41Z","lockId":"S003132","ownerId":"wg7upBQEGOYj720g3ifO0ZIJwjK2","revenue":45,"startTime":"2022-12-06T15:00:18Z","trip_id":"-NIbwv0GXpotc4zY9pv_","updated_at":"2022-12-06T15:03:43Z","userId":"fKUCwoxsMpQhzRV2A4f6cnpCv052","vehicleId":"S003132","vehicleName":"Ginette","vehicle_adoption_id":"vehicle_adoption_0T10mnzyMhAzSpP2zOo7S4mF"}]